@article{relevance-feedback,
  title={Improving retrieval performance by relevance feedback},
  author={Salton, G. and Buckley, C.},
  journal={Readings in Information Retrieval},
  volume={24},
  pages={5},
  year={1997},
  publisher={Morgan Kaufmann Publishers Inc.}
}


@article{mooney-SIGKDD-05,
  author =       {R. Mooney and R. Bunescu},
  title =        {Mining Knowledge from Text Using Information Extraction},
  volume={7},
  number    = {1},
  pages={3-10},
  year =      {2008},
  journal= {SIGKDD Explorations},
}



@inproceedings{linbilmes-acl11,
        author = {Lin, Hui and Bilmes, Jeff},
        booktitle = {Proceedings of ACL 2011},
        title = {A Class of Submodular Functions for Document Summarization},
        year = {2011},
        pages = {510--520}
}

@article{krause-tist11,
  author    = {Andreas Krause and
               Carlos Guestrin},
  title     = {Submodularity and its applications in optimized information
               gathering},
  journal   = {ACM TIST},
  volume    = {2},
  number    = {4},
  year      = {2011},
  pages     = {32}
}


@inproceedings{li-ijcnlp11,
        author = {Li, Peifeng and Deng, Guangxi and Zhu, Qiaoming},
        booktitle = {Proceedings of IJCNLP 2011},
        pages = {1055--1061},
        title = {Using Context Inference to Improve Sentence Ordering for Multi-document Summarization},
        year = {2011}
}


@inproceedings{ramage-emnlp09,
  author    = {Daniel Ramage and
               David Hall and
               Ramesh Nallapati and
               Christopher D. Manning},
  title     = {Labeled LDA: A supervised topic model for credit attribution
               in multi-labeled corpora},
  booktitle = {EMNLP},
  year      = {2009},
  pages     = {248-256}
}

@inproceedings{sauri-emnlp05,
  author    = {Roser Sauri and
               Robert Knippen and
               Marc Verhagen and
               James Pustejovsky},
  title     = {Evita: A Robust Event Recognizer For {QA} Systems},
  booktitle = {HLT/EMNLP},
  year      = {2005}
}

@inproceedings{ritter-emnlp11,
  author    = {Alan Ritter and
               Sam Clark and
               Mausam and
               Oren Etzioni},
  title     = {Named Entity Recognition in Tweets: An Experimental Study},
  booktitle = {EMNLP},
  year      = {2011},
  pages     = {1524-1534}
}

@inproceedings{shahaf-kdd10,
  author    = {Dafna Shahaf and
               Carlos Guestrin},
  title     = {Connecting the dots between news articles},
  booktitle = {KDD},
  year      = {2010},
  pages     = {623-632}
}

@inproceedings{kongthon-picmet12,
  author    = {Kongthon, A. and Haruechaiyasak, C. and  Pailai, J. andKongyoung, S.}, 
  title     = {The role of Twitter during a natural disaster: Case study of 2011 {Thai} Flood},
  booktitle = {Procs. of Technology Management for Emerging Technologies (PICMET)},
  year      = {2012},
  pages     = {2227-2232}
}

@inproceedings{starbird-cscw12,
  author    = {Kate Starbird and
               Leysia Palen},
  title     = {(How) will the revolution be retweeted?: information diffusion and the 2011 {E}gyptian uprising},
  booktitle = {CSCW},
  year      = {2012},
  pages     = {7-16}
}

@inproceedings{ritter-kdd12,
  author    = {Alan Ritter and
               Mausam and
               Oren Etzioni and
               Sam Clark},
  title     = {Open domain event extraction from twitter},
  booktitle = {KDD},
  year      = {2012},
  pages     = {1104-1112}
}

@inproceedings{shahaf-www12,
  author    = {Dafna Shahaf and
               Carlos Guestrin and
               Eric Horvitz},
  title     = {Trains of thought: generating information maps},
  booktitle = {WWW},
  year      = {2012},
  pages     = {899-908}
}

@inproceedings{tumasjan-icwsm10,
  title={Predicting elections with Twitter: What 140 characters reveal about political sentiment},
  author={Tumasjan, A. and Sprenger, T.O. and Sandner, P.G. and Welpe, I.M.},
  booktitle={Proceedings of AAAI Conference on Weblogs and Social Media},
  pages={178--185},
  year={2010}
}

@inproceedings{pak-lrec10,
  title={Twitter as a corpus for sentiment analysis and opinion mining},
  author={Pak, A. and Paroubek, P.},
  booktitle={Proceedings of LREC},
  year={2010}
}

@inproceedings{oconnar-icwsm10,
  title={From tweets to polls: Linking text sentiment to public opinion time series},
  author={O'Connor, B. and Balasubramanyan, R. and Routledge, B. R. and Smith, N. A.},
  booktitle={Proceedings of AAAI Conference on Weblogs and Social Media},
  pages={122--129},
  year={2010}
}

@article{thelwall-jas11,
  title={Sentiment in Twitter events},
  author={Thelwall, M. and Buckley, K. and Paltoglou, G.},
  journal={Journal of the American Society for Information Science and Technology},
  volume={62},
  number={2},
  pages={406--418},
  year={2011}
}

@article{bollen-jcs11,
  title={Twitter mood predicts the stock market},
  author={Bollen, J. and Mao, H. and Zeng, X.},
  journal={Journal of Computational Science},
  volume={2},
  number={1},
  pages={1--8},
  year={2011}
}

@inproceedings{chambers-acl08,
  title={Unsupervised learning of narrative event chains},
  author={Chambers, N. and Jurafsky, D.},
  booktitle={Proceedings of ACL-08: HLT},
  year={2008}
}



@inproceedings{leskovec-www10,
  author    = {Jure Leskovec and
               Kevin J. Lang and
               Michael W. Mahoney},
  title     = {Empirical comparison of algorithms for network community
               detection},
  booktitle = {WWW},
  year      = {2010},
  pages     = {631-640}
}


@inproceedings{patwardhan-emnlp09,
  title={A Unified Model of Phrasal and Sentential Evidence for Information Extraction},
  author={Patwardhan, S. and Riloff, E.},
  booktitle={Proceedings of EMNLP 2009},
  year={2009}
}

@article{eskingeometric,
  title={A Geometric Framework for Unsupervised Anomaly Detection: Detecting Intrusions in Unlabeled Data}, 
  author={Eskin, E. and Arnold, A. and Prerau, M. and Portnoy, L. and Stolfo, S.},
  year = {2002},
  journal= {Applications of Data Mining in Computer Security}
}


@inproceedings{nakashole-wsdm11,
  author    = {Ndapandula Nakashole and
               Martin Theobald and
               Gerhard Weikum},
  title     = {Scalable knowledge harvesting with high precision and high
               recall},
  booktitle = {Proceedings of the Fourth International Conference on Web
               Search and Web Data Mining (WSDM 2011)},
  year      = {2011},
  pages     = {227-236},
}


@inproceedings{becker-wsdm10,
  author    = {Hila Becker and
               Mor Naaman and
               Luis Gravano},
  title     = {Learning similarity metrics for event identification in
               social media},
  booktitle = {WSDM},
  year      = {2010},
}

@InProceedings{lin-kdd11,
  author    = {Jimmy Lin and Rion Snow and William Morgan},
  title     = {Smoothing Techniques for Adaptive Online Language Models: Topic Tracking in Tweet Streams},
  booktitle = {KDD},
  year      = {2011}
}

@InProceedings{petrovic-naacl10,
  author    = {Petrovi\'{c}, Sa\v{s}a  and  Osborne, Miles  and  Lavrenko, Victor},
  title     = {Streaming First Story Detection with application to Twitter},
  booktitle = {HLT-NAACL},
  year      = {2010}
}

@inproceedings{lin-kdd10,
    author = {Lin, Cindy X. and Zhao, Bo and Mei, Qiaozhu and Han, Jiawei},
    booktitle = {KDD},
    title = {{PET}: a statistical model for popular events tracking in social communities},
    year = {2010}
}

@InProceedings{popescu-www11,
  author = {Ana-Maria Popescu and Marco Pennacchiotti and Deepa Arun Paranjpe},
  title = {Extracting events and event descriptions from Twitter},
  booktitle = {WWW},
  year = {2011}
}


@inproceedings{suchanek-kdd06,
  author    = {Fabian M. Suchanek and
               Georgiana Ifrim and
               Gerhard Weikum},
  title     = {Combining linguistic and statistical analysis to extract
               relations from web documents},
  booktitle = {Procs. of KDD},
  year      = {2006},
  pages     = {712-717}
}

@inproceedings{zanzotto-emnlp11,
  author    = {Fabio Massimo Zanzotto and
               Marco Pennacchiotti and
               Kostas Tsioutsiouliklis},
  title     = {Linguistic Redundancy in Twitter},
  booktitle = {EMNLP},
  year      = {2011},
  pages     = {659-669}
}

@inproceedings{turian-acl10,
  author    = {Joseph P. Turian and
               Lev-Arie Ratinov and
               Yoshua Bengio},
  title     = {Word Representations: A Simple and General Method for Semi-Supervised
               Learning},
  booktitle = {ACL},
  year      = {2010},
  pages     = {384-394}
}

@inproceedings{toutanova-naacl03,
  author    = {Kristina Toutanova and
               Dan Klein and
               Christopher D. Manning and
               Yoram Singer},
  title     = {Feature-Rich Part-of-Speech Tagging with a Cyclic Dependency
               Network},
  booktitle = {HLT-NAACL},
  year      = {2003},
}

@article{brown-cl92,
  author    = {Peter F. Brown and
               Vincent J. Della Pietra and
               Peter V. de Souza and
               Jennifer C. Lai and
               Robert L. Mercer},
  title     = {Class-Based n-gram Models of Natural Language},
  journal   = {Computational Linguistics},
  volume    = {18},
  number    = {4},
  year      = {1992},
  pages     = {467-479}
}

@inproceedings{pantel-acl06,
  author    = {Patrick Pantel and
               Marco Pennacchiotti},
  title     = {Espresso: Leveraging Generic Patterns for Automatically
               Harvesting Semantic Relations},
  booktitle = {Proceedings of 21st International Conference on Computational
               Linguistics and 44th Annual Meeting of the Association for
               Computational Linguistics (ACL'06)},
  year      = {2006}
}

@inproceedings{Stanford-NER,
  author    = {Jenny Rose Finkel and Trond Grenager and Christopher Manning},
  title     = {Incorporating Non-local Information into Information Extraction Systems by {Gibbs} Sampling},
  booktitle = {Proceedings of 43th Annual Meeting of the Association for
               Computational Linguistics (ACL'05)},
  year      = {2005}
}

@inproceedings{wang-iswc07,
  author    = {Gang Wang and
               Yong Yu and
               Haiping Zhu},
  title     = {PORE: Positive-Only Relation Extraction from Wikipedia Text},
  booktitle = {Proceedings of 6th International Semantic Web Conference and
               2nd Asian Semantic Web Conference (ISWC/ASWC'07)},
  year      = {2007},
  pages     = {580-594}
}

@inproceedings{panimages-mtsummit07,
 author = {O. Etzioni and K.Reiter and S. Soderland and M. Sammer},
 title = {Lexical Translation with Application to Image Search on the {Web}},
 booktitle = {Proceedings of Machine Translation Summit},
 year = {2007}
}

@article{mausam-aij10,
 author= "Mausam and Soderland, Stephen and Etzioni,  Oren and Weld, Daniel and Reiter, Kobi and Skinner, Michael and  Sammer, Marcus and Bilmes, Jeff",
 title=         "Panlingual Lexical Translation via Probabilistic Inference",
  journal= "Artificial Intelligence Journal (AIJ)",
  year= "2010"
}

@article{starbird-cim12,
 author= "Kate Starbird and Leysia Palen and Sophia B. Liu and Sarah 
Vieweg and Amanda Hughes and Aaron Schram and Kenneth Mark Anderson and Mossaab 
Bagdouri and Joanne White and Casey McTaggart and Chris Schenk",  
 title=         {Promoting Structured Data in Citizen Communications 
during Disaster Response: An Account of Strategies for Diffusion of the 
``Tweak the Tweet" Syntax},
  journal= "Crisis Information Management: Communication and Technologies",
  year= "2012",
  pages={43-63}
}


@inproceedings{freedman-emnlp2011,
 author = {M. Freedman and L. Ramshaw and E. Boschee and R. Gabbard and 
	G. Kratkiewicz and N. Ward and R. Weischedel},
 title = {Extreme Extraction - Machine Reading in a Week},
 booktitle = {Procs. of EMNLP},
 year = {2011}
}


@phdthesis{verbnet,
  author = {Schuler, Karin Kipper},
  school = {University of Pennsylvania},
  title = {VerbNet: A Broad-Coverage, Comprehensive Verb Lexicon},
  url = {http://verbs.colorado.edu/~kipper/Papers/dissertation.pdf},
  year = 2006
}

@article{dagan99,
  author    = {Ido Dagan and
               Lillian Lee and
               Fernando C. N. Pereira},
  title     = {Similarity-Based Models of Word Cooccurrence Probabilities},
  journal   = {Machine Learning},
  volume    = {34},
  number    = {1-3},
  year      = {1999},
  pages     = {43-69}
}

@inproceedings{zhao-acl05,
  author    = {Shubin Zhao and
               Ralph Grishman},
  title     = {Extracting Relations with Integrated Information Using Kernel
               Methods},
  booktitle = {Procs. of ACL},
  year      = {2005}
}

@inproceedings{nombank,
author = "A. Meyers and R. Reeves and C. Macleod and R. Szekely and V. 
Zielinska and B. Young and R. Grishman",
year = "2004",
title = "{Annotating Noun Argument Structure for NomBank}",
booktitle = "{Proceedings of LREC-2004}",
address = "Lisbon, Portugal"
}

@INPROCEEDINGS{propbank,
    author = {Paul Kingsbury Martha and Martha Palmer},
    title = {From TreeBank to PropBank},
    booktitle = {Proceedings of the Third International Conference on Language Resources and Evaluation (LREC 02)},
    year = {2002}
}


@inproceedings{johansson-coling08,
  title = {The Effect of Syntactic Representation on Semantic Role Labeling},
  booktitle = {Proceedings of the 22nd International Conference on Computational Linguistics (COLING 08)},
  author = {Richard Johansson and Pierre Nugues},
  year = {2008},
  pages = {393-400}
}

@book{cohen-emai,
  author    = {Paul R. Cohen},
  title     = {Empirical Methods for Artificial Intelligence},
  publisher = {MIT Press},
  year      = {1995}
}

@inproceedings{hoffmann-acl11,
  author    = {Raphael Hoffmann and
               Congle Zhang and
               Xiao Ling and
               Luke S. Zettlemoyer and
               Daniel S. Weld},
  title     = {Knowledge-Based Weak Supervision for Information Extraction
               of Overlapping Relations},
  booktitle = {ACL},
  year      = {2011},
  pages     = {541-550}
}

@inproceedings{riedel-ecml10,
  author    = {Sebastian Riedel and
               Limin Yao and
               Andrew McCallum},
  title     = {Modeling Relations and Their Mentions without Labeled Text},
  booktitle = {ECML/PKDD (3)},
  year      = {2010},
  pages     = {148-163}
}

@inproceedings{mintz-acl09,
 author = {Mintz, Mike and Bills, Steven and Snow, Rion and Jurafsky, Dan},
 title = {{Distant supervision for relation extraction without labeled data}},
 booktitle = {ACL-IJCNLP '09: Proceedings of the Joint Conference of the 47th
Annual Meeting of the ACL and the 4th International Joint Conference on Natural
Language Processing of the AFNLP: Volume 2},
 year = {2009},
 pages = {1003--1011}
 }



@inproceedings{stanfordparser,
  author = {Marie-Catherine de Marneffe and Bill MacCartney and Christopher D. Manning},
  title = {Generating Typed Dependency Parses from Phrase Structure Parses},
  booktitle = {Language Resources and Evaluation (LREC 2006)}, 
  year = {2006}
}


@inproceedings{maltparse,
  author = {Joakim Nivre and Jens Nilsson},
  title = {Memory-based Dependency Parsing},
  booktitle = {Proceedings of the Conference on Natural Language Learning (CoNLL-04)}, 
  year = {2004},
  pages = {49-56}
}

@inproceedings{ritter-acl10,
  author = {Alan Ritter and Mausam and Oren Etzioni},
  booktitle = {Proceedings of the 48th Annual Meeting of the Association for Computational Linguistics (ACL '10)},
  title = {A Latent Dirichlet Allocation method for Selectional Preferences},
  year = {2010}
}

@inproceedings{christensen-kcap11,
  author = {Janara Christensen and Mausam and Stephen Soderland and Oren Etzioni},
  booktitle = {Proceedings of the 6th International Conference on Knowledge Capture (K-CAP '11) },
  title = {An Analysis of Open Information Extraction based on Semantic Role Labeling},
  year = {2011}
}


@inproceedings{tlin-emnlp10,
  author    = {Thomas Lin and
               Mausam and
               Oren Etzioni},
  title     = {Identifying Functional Relations in {Web} Text},
  booktitle = {Proceedings of the 2010 Conference on Empirical Methods in Natural Language Processing (EMNLP '10)},
  year      = {2010},
  pages     = {1266-1276}
}

@inproceedings{fader-emnlp11,
 author = {Anthony Fader and Stephen Soderland and Oren Etzioni},
 title = {Identifying Relations for Open Information Extraction},
 booktitle = {Proceedings of EMNLP},
 year = {2011}
}

@inproceedings{mausam-emnlp12,
 author = {Mausam and Michael Schmitz and Robert Bart and Stephen 
Soderland and Oren Etzioni},
 title = {Open Language Learning for Information Extraction},
 booktitle = {Proceedings of EMNLP},
 year = {2012}
}

@article{etzioni-nature11,
  title={Search needs a shake-up},
  author={Etzioni, O.},
  journal={Nature},
  volume={476},
  number={7358},
  pages={25--26},
  year={2011}
}


@inproceedings{etzioni-ijcai11,
 author = {Oren Etzioni and Anthony Fader and Janara Christensen and Stephen Soderland and Mausam},
 title = {Open Information Extraction: the Second Generation},
 booktitle = {Proceedings of the International Joint Conference on Artificial Intelligence (IJCAI '11)},
 year = {2011}
}


@Inproceedings{fader-wikiai09,
    Author         = {Fader, A. and Soderland, S. and Etzioni, O.},
    Title          = "Scaling {Wikipedia-based} Named Entity Disambiguation 
	to arbitrary {Web} text",
    Booktitle      = {IJCAI-09 Workshop on User-contributed Knowledge and Artificial 
	Intelligence (WikiAI09)},
    Year           = {2009}
}

@Inproceedings{lin-akbc12,
    Author         = {Thomas Lin and Mausam and Oren Etzioni},
    Title          = "Entity Linking at {Web} Scale",
    Booktitle      = {The Knowledge Extraction Workshop (AKBC-WEKEX) at NAACL},
    Year           = {2012}
}


@article{LinkLDA,
    author = {Erosheva, Elena and Fienberg, Stephen and Lafferty, John},
    journal = {Proceedings of the National Academy of Sciences of the United States of America},
    title = {Mixed-membership models of scientific publications},
    year = {2004}
}

@article{griffithsTopics04,
    author = {Griffiths, T. L. and Steyvers, M.},
    journal = {Proc Natl Acad Sci U S A},
    title = {Finding scientific topics.},
    year = {2004}
}


@article{Blei03,
 author = {Blei, David M. and Ng, Andrew Y. and Jordan, Michael I.},
 title = {Latent dirichlet allocation},
 journal = {J. Mach. Learn. Res.},
 year = {2003},
 }


@article{Resnik96,
    author = {Resnik, P.},
    journal = {Cognition},
    title = {Selectional constraints: an information-theoretic model and its computational realization},
    year = {1996}
}

@inproceedings{carlson-wsdm,
Title = {Coupled Semi-Supervised Learning for Information Extraction},
Author = {Andrew Carlson and Justin Betteridge and Richard C. Wang and Estevam R. Hruschka Jr. and Tom M. Mitchell},
Booktitle = {WSDM 2010},
Year = {2010}}


@inproceedings{textrunner,
    author = {Banko, Michele and Etzioni, Oren},
    booktitle = {ACL-08: HLT},
    title = {The Tradeoffs Between Open and Traditional Relation Extraction},
    year = {2008}
}

@article{Gildea02,
    author = {Gildea, Daniel and Jurafsky, Daniel},
    journal = {Computational Linguistics},
    title = {Automatic labeling of semantic roles},
    year = {2002}
}

@inproceedings{Bergsma08,
 author = {Bergsma, Shane and Lin, Dekang and Goebel, Randy},
 title = {Discriminative learning of selectional preference from unlabeled text},
 booktitle = {EMNLP},
 year = {2008},
 }


@inproceedings{Pantel07,
  author    = {Patrick Pantel and
               Rahul Bhagat and
               Bonaventura Coppola and
               Timothy Chklovski and
               Eduard H. Hovy},
  title     = {ISP: Learning Inferential Selectional Preferences},
  booktitle = {HLT-NAACL},
  year      = {2007},
}

@inproceedings{Erk07,
    author = {Erk, Katrin},
    booktitle = {Proceedings of the 45th Annual Meeting of the Association of Computational Linguistics},
    title = {A Simple, Similarity-based Model for Selectional Preferences},
    year = {2007}
}

@inproceedings{dagan-acl93,
 author = {Ido Dagan and Shaul Marcus and Shaul Markovitch},
 title = {Contextual word similarity and estimation from sparse data},
 booktitle = {Proceedings of the 31st ACL},
 year = {1993},
 pages = {164--171},
 location = {Columbus, Ohio},
 address = {Morristown, NJ, USA},
 }


@incollection{weka,
  author    = {Eibe Frank and
               Mark A. Hall and
               Geoffrey Holmes and
               Richard Kirkby and
               Bernhard Pfahringer},
  title     = {WEKA - A Machine Learning Workbench for Data Mining.},
  booktitle = {The Data Mining and Knowledge Discovery Handbook},
  year      = {2005},
  pages     = {1305-1314}
}

@inproceedings{snow06,
author="R. Snow and D. Jurafsky and A. Y. Ng",
title="Semantic taxonomy induction from heterogenous evidence",
booktitle="Proceedings of COLING/ACL 2006",
year="2006"
}

@inproceedings{wu-weld-acl10,
    author = {Wu, Fei and Weld, Daniel S.},
    title = {Open Information Extraction Using {W}ikipedia},
    year = {2010},
    booktitle = {Proceedings of the 48th Annual Meeting of the Association 
	for Computational Linguistics (ACL '10)},
}

@inproceedings{ritter-lda-sp,
    author = {Ritter, Alan and Mausam and Etzioni, Oren},
    title = {A {Latent Dirichlet Allocation} Method for Selectional Preferences},
    year = {2010},
    booktitle = {ACL}
}

@inproceedings{stat-snowball,
 author = {Zhu, Jun and Nie, Zaiqing and Liu, Xiaojiang and Zhang, Bo and Wen, Ji-Rong},
 title = {{StatSnowball}: a statistical approach to extracting entity relationships},
 booktitle = {WWW '09: Proceedings of the 18th international conference on World Wide Web},
 year = {2009},
 isbn = {978-1-60558-487-4},
 pages = {101--110},
 location = {Madrid, Spain},
 doi = {http://doi.acm.org/10.1145/1526709.1526724},
 publisher = {ACM},
 address = {New York, NY, USA},
 }

@inproceedings{grefenstette-teufel-95,
 author = {Grefenstette, Gregory and Teufel, Simone},
 title = {Corpus-based method for automatic identification of support verbs for nominalizations},
 booktitle = {Proceedings of the seventh conference on European chapter of the Association for Computational Linguistics},
 year = {1995},
 pages = {98--103},
 location = {Dublin, Ireland},
 doi = {http://dx.doi.org/10.3115/976973.976988},
 publisher = {Morgan Kaufmann Publishers Inc.},
 address = {San Francisco, CA, USA},
 }

@INPROCEEDINGS{sag-01,
    author = {Ivan A. Sag and Timothy Baldwin and Francis Bond and Ann Copestake and Dan Flickinger},
    title = {Multiword Expressions: A Pain in the Neck for NLP},
    booktitle = {In Proc. of the 3rd International Conference on Intelligent Text Processing and Computational Linguistics (CICLing-2002},
    year = {2001},
    pages = {1--15}
}

@INPROCEEDINGS{stevenson-fazly-north-04,
    author = {Suzanne Stevenson and Afsaneh Fazly and Ryan North},
    title = {Statistical measures of the semi-productivity of light verb constructions},
    booktitle = {In 2nd ACL Workshop on Multiword Expressions: Integrating Processing},
    year = {2004},
    pages = {1--8}
}


@inproceedings{shimohata-97,
 author = {Shimohata, Sayori and Sugio, Toshiyuki and Nagata, Junji},
 title = {Retrieving collocations by co-occurrences and word order constraints},
 booktitle = {Proceedings of the eighth conference on European chapter of the
Association for Computational Linguistics},
 year = {1997},
 pages = {476--481},
 location = {Madrid, Spain},
 doi = {http://dx.doi.org/10.3115/976909.979678},
 publisher = {Association for Computational Linguistics},
 address = {Morristown, NJ, USA},
 }


@inproceedings{carlson-aaai10,
Title = {Toward an Architecture for Never-Ending Language Learning},
Author = {Andrew Carlson and Justin Betteridge and Bryan Kisiel and Burr Settles and Estevam R. Hruschka Jr. and Tom M. Mitchell},
Booktitle = {Procs. of AAAI},
Year = {2010}}

 
@inproceedings(hoffmann-sigchi09,
  author=     "R. Hoffmann and S. Amershi and K. Patel and F. Wu 
	and J. Fogarty and D. S. Weld",
  title=      "Amplifying Community Content Creation with Mixed-Initiative 
	Information Extraction",
  booktitle=  "ACM SIGCHI (CHI2009)",
  year=		2009
)

@inproceedings{hoffmann-acl10,
 author = {Hoffmann, Raphael and Zhang, Congle and Weld, Daniel S.},
 title = {Learning 5000 relational extractors},
 booktitle = {Proceedings of the 48th Annual Meeting of the Association for Computational Linguistics},
 series = {ACL '10},
 year = {2010},
 pages = {286--295}
} 


@inproceedings{grishman-coling96,
author="R. Grishman and B. Sundheim",
title="{M}essage {U}nderstanding {C}onference - 6: a brief history",
booktitle="Procs. of International Conference on Computational Linguistics
(COLING-96)",
year="1996"
}

@inproceedings{adar-wsdm09,
author="Adar, E. and Skinner, M. and Weld, D.",
title="Information Arbitrage in Multi-Lingual {W}ikipedia",
booktitle="Procs. of Web Search and Data Mining(WSDM 2009)",
year="2009"
}

@inproceedings{schoenmackers-emnlp08,
author="Schoenmackers, S. and Etzioni, O. and Weld, D.",
title="{Scaling Textual Inference to the Web}",
booktitle="Proceedings of Empirical Methods for Natural Language Processing (EMNLP 2008)",
year="2008"
}

@inproceedings(talukdar-emnlp08,
  author=     "Partha Pratim Talukdar and Joseph Reisinger and Marius Pasca and 
Deepak Ravichandran and Rahul Bhagat and Fernando Pereira",
  title=      "Weakly Supervised Acquisition of Labeled Class Instances using Graph 
Random Walks",
  booktitle=  "EMNLP",
  year=		2008
)


@inproceedings{cucerzan-emnlp2007,
  author = {Cucerzan, S.},
  year = {2007},
  title = {Large-Scale Named Entity Disambiguation Based on {Wikipedia} Data},
  booktitle = {Proceedings of EMNLP},
}


@inproceedings{banko-acl08,
  author = {M. Banko and O. Etzioni},
  year = {2008},
  title = {The Tradeoffs Between Traditional and Open Relation Extraction},
  booktitle = {Proceedings of ACL},
}

@inproceedings{settles-emnlp08,
	Author = {B. Settles and M. Craven},
	Booktitle = {Proceedings of the Conference on Empirical Methods in Natural Language Processing (EMNLP)},
	Pages = {1069--1078},
	Title = {An Analysis of Active Learning Strategies for Sequence Labeling Tasks},
	Year = {2008}
}


@InProceedings{bunescu-acl07,
  author =       {R. Bunescu and R. Mooney},
  title =        {Learning to Extract Relations from the {W}eb using Minimal Supervision},
  year =      {2007},
  booktitle = {Proc. of ACL},
}

@inproceedings{bunescu-emnlp05,
  author    = {Razvan C. Bunescu and
               Raymond J. Mooney},
  title     = {A Shortest Path Dependency Kernel for Relation Extraction},
  booktitle = {Proc. of HLT/EMNLP},
  year      = {2005}
}

@InProceedings{daume-acl07,
  author =       {H. {Daume III}},
  title =        {Frustratingly easy domain adaptation},
  year =      {2007},
  booktitle = {Proc. of ACL},
}

@article{HBC,
author={Daumae III, Hal},
title={HBC: Hierarchical Bayes Compiler},
url={http://hal3.name/HBC},
year={2007}
}


@inproceedings{poon-aaai07,
  title={Joint Inference in Information Extraction},
  author = {Hoifung Poon and Pedro Domingos},
  booktitle ={Proceedings of the Twenty-Second National Conference on Artificial Intelligence},
  pages = {913-918}, 
  year = {2007},
}

@InProceedings{lafferty-icml01,
  author = {J. Lafferty and A. McCallum and F. Pereira},
  year = {2001},
  title = {Conditional Random Fields: Probabilistic Models for Segmenting and Labeling Sequence Data},
  booktitle = {Procs. of ICML}
}

@inproceedings{Rooth99,
 author = {Rooth, Mats and Riezler, Stefan and Prescher, Detlef and Carroll, Glenn and Beil, Franz},
 title = {Inducing a semantically annotated lexicon via EM-based clustering},
 booktitle = {Proceedings of the 37th annual meeting of the Association for Computational Linguistics on Computational Linguistics},
 year = {1999},
 }



@inproceedings{pennacchiotti-acl06,
  author = "M. Pennacchiotti and P. Pantel",
  title = "Ontologizing Semantic Relations",
  booktitle= "COLING/ACL-06",
  pages     = {793-800},
  year = "2006" 
}

@inproceedings{culotta-hlt06,
  author = "A. Culotta and A. McCallum and J. Betz",
  title = "Integrating Probabilistic Extraction Models and Data Mining to Discover 
Relations and Patterns in Text",
  booktitle= "HLT-NAACL",
  year = "2006" 
}



@inproceedings{magnini-swap2005,
  author = "B. Magnini and M. Negri and E. Pianta and L. Romano and R. Sprugnoli",
  title = "From Text to Knowledge for the Semantic Web: the {ONTOTEXT} project",
  booktitle= "Semantic Web Applications and Perspectives (SWAP)",
  year = "2005" 
}

@Article{navigli-cl04,
  author = {R. Navigli and P. Velardi},
  title = {Learning Domain Ontologies from Document Warehouses and Dedicated Websites},
  journal = "Computational Linguistics",
  year = {2004},
  pages = {151-179},
  volume = {30},
}


@inproceedings{buitelaar-iswc03,
  author = "P. Buitelaar and D. Olejnik and M. Sintek",
  title = "{OntoLT:} a protege plug-in for ontology extraction from text",
  booktitle= "International Semantic Web Conference (ISWC)",
  year = "2003" 
}

@inproceedings{moschitti-flairs03,
  author = "A. Moschitti and P. Morarescu and S. Harabagiu",
  title = "Open Domain Information Extraction via Automatic Semantic Labeling",
  booktitle= "FLAIRS",
  year = "2003" 
}


@inproceedings{cimiano-NLDB05,
  author = "Philipp Cimiano and Johanna V?ker",
  title = "{Text2Onto} - A Framework for Ontology Learning and Data-driven Change Discovery",
  booktitle= "10th International
    Conference on Applications of Natural Language to Information Systems (NLDB'2005)",
  year = "2005" 
}

@inproceedings{bisson-ontology00,
  author = "G. Bisson and C. Ndellec and L. Caamero",
  title = "Designing clustering methods for ontology building - The {Mo'K} workbench",
  booktitle= "ECAI Workshop on Ontology Learning",
  year = "2000" 
 }

@inproceedings{agirre-ontology00,
author="E. Agirre and O. Ansa and E. Hovy and D. Martinez",
title="Enriching Very Large Ontologies Using the {WWW}",
booktitle="ECAI Workshop on Ontology Learning",
year="2000"
}

@Article{cimiano-jair05,
  author = {P. Cimiano and A. Hotho and S. Staab},
  title = {Learning Concept Hierarchies from Text Corpora using Formal Concept Analysis},
  journal = "Journal of Artificial Intelligence Research",
  year = {2005},
  pages = {305-339},
  volume = {24},
}

@book{getoorTaskar2007,
author="L. Getoor and B. Taskar",
title="Introduction to Statistical Relational Learning",
publisher="MIT Press",
year="2007"
}

@inproceedings{bhattacharyaKDD05,
author="I. Bhattacharya and L. Getoor",
title={{R}elational {C}lustering for {M}ulti-type {E}ntity {R}esolution},
booktitle="11th ACM SIGKDD Workshop on Multi Relational Data Mining",
year="2005"
}

@inproceedings{lin2001kdd,
author="D. Lin and P. Pantel",
title="{DIRT} -- {D}iscovery of {I}nference {R}ules from {T}ext",
booktitle="Proceedings of KDD",
year="2001"
}

@inproceedings{bromberg2006,
author="F. Bromberg and D. Margaritis and V. Honavar",
title="Efficient {Markov} network structure discovery using independence tests",
booktitle="SIAM 2006 conference on Data Mining (SDM06)",
year="2006"
}

@inproceedings{zettlemoyer2005,
author="L.S. Zettlemoyer and M. Collins",
title="Learning to map sentences to logical form: Structured
classification with probabilistic categorial grammars",
booktitle="21st Conference on Uncertainty in Artificial Intelligence 
(UAI-2005)",
year="2005"
}

@inproceedings{snow2006acl,
author="R. Snow and D. Jurafsky and A. Y. Ng",
title="Semantic taxonomy induction from heterogenous evidence",
booktitle="COLING/ACL 2006",
year="2006"
}

@inproceedings{snow2005nips,
author="R. Snow and D. Jurafsky and A. Y. Ng",
title="Learning syntactic patterns for automatic hypernym discovery",
booktitle="NIPS 2005",
year="2005"
}


@inproceedings{hindleDistHyp,
author="D. Hindle",
title="Noun Classification from Predicage-Argument Structures",
booktitle="ACL",
year="1990"
}


@inproceedings{cohen2003editdistance,
author="W.W. Cohen and P. Ravikumar and S.E. Fienberg",
title="A comparison of string distance metrics for name-matching tasks",
booktitle="IIWeb",
year="2003"
}


@book{saltonIR,
author="G. Salton and M.J. McGill",
title="Introduction to Modern Information Retrieval",
publisher="McGraw-Hill",
year="1983"
}

@PhdThesis{adwait-1998,
  author =       {Ratnaparkhi, A.},
  title =        {Entropy Models for Natural Language Ambiguity
  Resolution},
  school =       {University of Pennsylvania},
  year =         {1998},
}

@inproceedings{ngai-florian-2001,
 author="Ngai, G. and Florian, R",
 title = "Transformation-based learning in the fast lane",
 booktitle = "NAACL",
  pages     = {40--47},
 year = "2001"
}


@inproceedings{brill-ngai-1999,
 author="Brill, E. and Ngai, G",
 title = "Man (and woman) vs. machine: a case study in base noun phrase
  learning",
 booktitle = "ACL",
  pages     = {65--72},
 year = "1999"
}

@inproceedings{marsh-98,
 author="Marsh, E. and Perzanowski, D.",
 title = "{MUC}-7 evaluation of {IE} technology: {O}verview of results",
 booktitle = "MUC-7",
 year = "1998"
}


@inproceedings{banko-kcap07,
 author="Banko, M. and Etzioni, O",
 title = "Strategies for Lifelong Knowledge Extraction from the Web",
 booktitle = "The Fourth International Conference on Knowledge Capture",
 year = "2007"
}

@inproceedings{klein-2003,
 author="Klein, D. and Manning, C.",
 title = "Accurate unlexicalized parsing",
 booktitle = "ACL",
 year = "2003"
}


@inproceedings{soderland-ss07,
 author="Soderland, S. and Mandhani, B.",
 title = "Moving from Textual Relations to Ontologized Relations",
 booktitle = "AAAI Spring Symposium on Machine Reading",
 year = "2007"
}


@inproceedings{yago-www07,
 author = {Suchanek, F.M. and  Kasneci, G.  and Weikum, G.},
 title = "Yago: A Core of Semantic Knowledge", 
  booktitle      = {Procs. of WWW}, 
 year= "2007",
}

@inproceedings{suchanek-www09,
  author    = {Fabian M. Suchanek and
               Mauro Sozio and
               Gerhard Weikum},
  title     = {SOFIE: a self-organizing framework for information extraction},
  booktitle = {Proceedings of WWW},
  year      = {2009},
  pages     = {631-640},
}

@InCollection{mitchell-aimag05,
  author =       {Mitchell, T.},
  title =     "Reading The Web: A Breakthrough Goal for {A}{I}",
  booktitle =    {AI Magazine},
  publisher = {AAAI Press},
  year =      {2005},
}
@inproceedings{schubert-hlt03,
 author={Schubert, L.K. and Tong, M.H.},
 title={Extracting and evaluating general world knowledge from the Brown corpus},  
 booktitle={Proc. of the HLT/NAACL  Workshop on Text Meaning},
 year={2003},
}

@inproceedings{vandurme-step08,
 author={Van Durme, B. and Schubert, L.K.},
 title={Open Knowledge Extraction through Compositional Language Processing},
 booktitle={Symposium on Semantics in Systems for Text Processing},
 year={2008},
}



@PhdThesis{resnik-thesis,
  author =       {Resnik, P.},
  title =        {Selection and Information: A Class-Based Approach to Lexical Relationships},
  school =       {University of Pennsylvania},
  year =         {1993},
}

@inproceedings{Resnik97,
  author = {Philip Resnik},
  booktitle = {Proc. of the ACL SIGLEX Workshop on Tagging Text with Lexical Semantics: Why, What, and How?},
  title = {Selectional Preference and Sense Disambiguation},
  year = {1997}
}




@inproceedings{lenat-ijcai77,
  author =       {Lenat, D.},
  title =        {Automated Theory Formation in Mathematics},
  booktitle =      {Procs. of IJCAI},
  year =         {1977},
}
@article{mitchell82,
  author    = {Tom M. Mitchell},
  title     = {Generalization as Search.},
  journal   = {Artif. Intell.},
  volume    = {18},
  number    = {2},
  year      = {1982},
  pages     = {203-226},
}

@incollection{Thrun_1998_639,
author = "Sebastian Thrun",
   editor = "S. Thrun and L. Pratt",
   title = "Lifelong Learning Algorithms",
   booktitle = "Learning To Learn",
   publisher = "Kluwer Academic Publishers",
  year = "1998"}


@Article{thrun-lifelong,
  author =       {Thrun, S. and Mitchell, T.},
  title =        {Lifelong robot learning},
  journal =      {Robotics and Autonomous Systems},
  year =         {1995},
  volume =    {15},
  pages =     {25-46},
}

@Article{ring-ml97,
  author = {Ring, M. B.},
  title = {{C}{H}{I}{L}{D}: {A} First Step Towards Continual Learning},
  journal = "Machine Learning",
  year = {1997},
  pages = {77-105},
  volume = {28},
}

@inproceedings{stone-ecml00,
  author = {Stone, P. and Veloso, M.},
  title = {Layered Learning},
  booktitle = {Proc. of ECML},
  year = {2000},
}
@inproceedings{shinyama-hlt06,
 author = {Shinyama, Y. and Sekine, S.},
 title = {Preemptive Information Extraction using Unrestricted Relation Discovery},
 booktitle = { Procs. of HLT/NAACL}, 
 year = {2006},
}


@inproceedings{liakata-coling04,
 author  = {Liakata, M.  and  Pulman, S.},
  title     = {Learning theories from text },
 booktitle = {Procs. of COLING},
  year      = {2004},
}

@inproceedings{etzioni-aaai06,
author="Etzioni, O. and Banko, M. and Cafarella, M.",
title="{Machine Reading}",
booktitle="AAAI",
year="2006"
}

@inproceedings{yates-emnlp06,
author="Yates, A. and Schoenmackers, S. and Etzioni, O.",
title="{Detecting Parser Errors Using Web-based Semantic Filters}",
booktitle="Procs. of EMNLP",
year="2006"
}

@inproceedings{yates-hlt07,
author="Yates, A. and Etzioni, O.",
title={Unsupervised Resolution of Objects and Relations on the {W}eb},
booktitle="Procs. of HLT",
year="2007"
}


@inproceedings{ibm2003,
author="Yi, J. and Nasukawa, T. and Bunescu, R. and Niblack, W.",
title="{Sentiment Analyzer: Extracting Sentiments about a Given Topic using Natural Language Processing Techniques}",
booktitle="Procs. of ICDM",
pages = "1073-1083",
year="2003"
}


@inproceedings{wilson2005,
author="Wilson, T. and Wiebe, J. and Hoffmann, P.",
title="{Recognizing Contextual Polarity in Phrase-Level Sentiment Analysis}",
booktitle="Procs. of HLT-EMNLP",
year="2005"
}






@inproceedings{spinModel,
author="Takamura, H. and Inui, T. and Okumura, M.",
title="{Extracting Semantic Orientations of Words using Spin Model}",
booktitle="Procs. of ACL",
pages="133-141",
year="2005"
}


@inproceedings{rel1,
author="Rangarajan, A.",
title="{Self annealing and self annihilation: unifying deterministic annealing and relaxation labeling}",
booktitle="Pattern Recognition, 33:635-649",
year="2000"
}




@inproceedings{cho02,
author="J. Cho and S. Rajagopalan",
title="{A Fast Regular Expression Indexing Engine}",
booktitle="Procs. of the 18th International Conference on Data Engineering",
year="2002",
}



@inproceedings{prager2000,
author="J. Prager and E. Brown and A. Coden and D. Radev",
title="{Question-Answering by Predictive Annotation}",
booktitle="23rd Annual International ACM SIGIR Conference on Research and Development in Information Retrieval",
pages="184-191",
year="2000"
}



@inproceedings{mullen2004,
    author = "Mullen, T. and Collier, N.",
    title = "Sentiment Analysis Using Support Vector Machines with Diverse Information Sources",
    booktitle = "Procs. of ACL",
    pages = "404-411", 
    year = "2004" }

@manual{resnik-manual,
author="Elkiss, E. and Resnik, P.",
title="{T}he {L}inguist's {S}earch {E}ngine {U}ser's {G}uide",
organization={University of Maryland},
year={2004}
}

@misc{resnik_econ05,
title="{Corpus Colossal}",
year="2005",
journal="{The Economist}",
month=jan
}

@inproceedings{emnlp-opine-anon,
    author = "Anonymous",
    title = "Opinion Mining: Extracting Product-Feature Assessments from Reviews",
    booktitle = "submitted to EMNLP",
    pages = "",
    year = "2005" }



@PhdThesis{popescu-phd,
  author =       {Ana-Maria Popescu},
  title =        {Information Extraction from Unstructured Web Text},
  school =       {University of Washington},
  year =         {2007},
  OPTkey =       {},
  OPTtype =      {},
  OPTaddress =   {},
  OPTmonth =     {},
  OPTnote =      {},
  OPTannote =    {}
}

@inproceedings{popescu-emnlp05,
    author = "Popescu, A. and Etzioni, O.",
    title = "Extracting Product Features and Opinions from Reviews",
    booktitle = "EMNLP",
    pages = "",
    year = "2005" }



@inproceedings{rel,
    author = "Hummel, R.A. and Zucker, S.W.",
    title = "On the Foundations of Relaxation Labeling Processes",
    booktitle = "PAMI",
    pages = "267-287",
    year = "1983" }



@inproceedings{hovy2004,
    author = "Kim, S. and Hovy, E.",
    title = "Determining the Sentiment of Opinions",
    booktitle = "Procs. of COLING",
    year = "2004" }



@inproceedings{gamon2004,
    author = "Gamon, M.",
    title = "Sentiment Classification on Customer Feedback Data: Noisy Data, Large Feature Vectors and the 
    Role of Linguistic Analysis",
    pages = "841-847",
    booktitle = "Procs. of COLING",
    year = "2004" }


@inproceedings{berland,
    author = "Berland, M. and Charniak, E.",
    title = "Finding Parts in Very Large Corpora",
    booktitle = "Procs. of ACL",
    pages = "57-64", 
    year = "1999" }

@inproceedings{morinaga,
    author = "Morinaga, S. and Yamanishi, K. and Tateishi, K. and Fukushima, T.",
    title = "Mining Product Reputations on the Web",
    booktitle = "Procs. of KDD", 
    pages = "341-349",
    year = "2002"}



@inproceedings{emnlp04Meronym,
    author = "Almuhareb, A. and Poesio, M.",
    title = "Attribute-Based and Value-Based Clustering: An Evaluation",
    booktitle = "Procs. of EMNLP",
    pages = "158-165", 
    year = "2004"}

@inproceedings{friedland-kr04,
    author = "Friedland, N.S. and Allen, P.G. and Witbrock, M. and Matthews, G. and Salay, N. 
		and Miraglia, P. and Angele, J. and Staab, S. and Israel, D. and Chaudhri, V.
		and Porter, B. and Barker, K. and Clark, P.",
    title = "Towards a Quantitative, Platform-Independent Analysis of Knowledge Systems",
    booktitle = "The Ninth International Conference on the Principles of Knowledge Representation and Reasoning (KR2004)",
    year = 2004
 }

@inproceedings{ decker-ds99,
    author = "Decker, S. and Erdmann, M. and Fensel, D. and Studer, R.",
    title = "Ontobroker: Ontology Based Access to Distributed and Semi-Structured Unformation",
    booktitle = "Procs. of Database Semantics (DS-8)",
    pages = "351-369",
    year = "1999"
}




@inproceedings{scales,
    author = {Hatzivassiloglou, V. and McKeown, K.},
    title = {Towards the automatic identification of adjectival scales: clustering adjectives according to meaning},
    booktitle = {Procs. of ACL},
    pages = "182-192",
    year = "1993"}


@inproceedings{lin-minipar,
    author = {Lin, D.},
    title = {Dependency-Based Evaluation of {MINIPAR}},
    booktitle = {Procs. of ICLRE'98 Workshop on Evaluation of Parsing Systems},
    year = 1998 }


@INProceedings{anonAtem,
    Author         = {Anonymous},
    Title          = "Class Extraction from the {World Wide Web}",
    Booktitle      = {AAAI-04 ATEM Workshop},
    Pages          = {65-70},
    Year = {2004}
}


@inproceedings{csp,
    author = {Fargier, H. and Lang, J.},
    title = {A constraint satisfaction framework for decision under uncertainty},
    booktitle = {Procs. of UAI},
    pages = {167-174}, 
    year = {1995}
}

@inproceedings{Turney2003,
  author        = {Turney, P.},
  title         = "{I}nference of {S}emantic {O}rientation from {A}ssociation",
  booktitle      = {CoRR cs. CL/0309034}, 
  year = {2003}}


@inproceedings{kushal2003,
  author        = {Kushal, D. and Lawrence, S. and Pennock, D.},
  title         = "Mining the peanut gallery: Opinion extraction and semantic classification of product reviews",
  booktitle      = {Procs. of WWW}, 
  year = {2003} }



@inproceedings{hu2004,
  author         = {Hu, M. and Liu, B.},
  title          = "{M}ining and {S}ummarizing {C}ustomer {R}eviews",
  booktitle      = {Procs. of KDD},
  pages          = {168-177},
  address        =  "Seattle, WA", 
  year = {2004} }

@InProceedings{kozareva-riloff-hovy,
  author    = {Kozareva, Zornitsa  and  Riloff, Ellen  and  Hovy, Eduard},
  title     = {Semantic Class Learning from the Web with Hyponym Pattern Linkage Graphs},
  booktitle = {ACL-08: HLT},
  year      = {2008},
}

@ARTICLE{Etzioni05,
    author = {Oren Etzioni and Michael Cafarella and Doug Downey and Ana-maria Popescu and Tal Shaked and Stephen Soderl and Daniel S. Weld and Alex Yates},
    title = {Unsupervised Named-Entity Extraction from the {Web}: An Experimental Study},
    journal = {Artificial Intelligence},
    year = {2005},
}

@article{kiaAij,
  author         = "Etzioni, O. and Cafarella, M. and Downey, D. 
                    and Kok, S. and Popescu, A. and Shaked, T. 
                    and Soderland, S. and Weld, D. and Yates, A.",
  title          = "Unsupervised Named-Entity Extraction from the {Web}: An Experimental Study",
  Journal        = {Artificial Intelligence},
  Volume         = {165},
  Number         = {1},
  Pages          = {91-134},
  year = {2005} }

@article{knowitall-aij,
  author         = "Etzioni, O. and Cafarella, M. and Downey, D. 
                    and Kok, S. and Popescu, A. and Shaked, T. 
                    and Soderland, S. and Weld, D. and Yates, A.",
  title          = "Unsupervised Named-Entity Extraction from the {Web}: An Experimental Study",
  Journal        = {Artificial Intelligence},
  Volume         = {165},
  Number         = {1},
  Pages          = {91-134},
  year = {2005} }




@inproceedings{wiebe2000,
  author         = {Wiebe, J.},
  title          = "Learning Subjective Adjectives from Corpora",
  booktitle      = {Procs. of AAAI/IAAI},
  pages          = {735-740}, 
 year = {2000} }



@inproceedings{riloff2003,
  author         = {Riloff,E. and Wiebe, J. and Wilson, T.},
  title          = "Learning Subjective Nouns using extraction pattern bootstrapping",
  booktitle      = {Procs. of ConLL},
  pages          = {25-32}, 
  year = {2003} }



@inproceedings{wiebe2003,
  author         = {Riloff, E. and Wiebe, J.},
  title          = "Learning Extraction Patterns for Subjective Expressions",
  booktitle      = {Procs. of EMNLP},
  pages          = {105-112}, 
  year = {2003} }




@inproceedings{wiebe2004,
  author         = {Wilson, T. and Wiebe, J. and Hwa, R. }, 
  title          = "Just How Mad are You? Finding Strong and Weak Opinion Clauses",
  booktitle      = {Procs. of AAAI},
  pages          = {761-769}, 
  year = {2004} }


@inproceedings{kobayashi2004,
  author         = {Kobayashi, N. and Inui, K. and Tateishi, K. and Fukushima, T.},
  title          = "{C}ollecting {E}valuative {E}xpressions for {O}pinion {E}xtraction",
  booktitle      = {Procs. of IJCNLP},
  pages          = {596-605}, 
  year = {2004} }

@inproceedings{wiebe2000Gradability,
  author         = {Hatzivassiloglou, V. and Wiebe, J.},
  title          = "{E}ffects of {A}djective {O}rientation and {G}radability on {S}entence {S}ubjectivity",
  booktitle      = {Procs. of COLING},
  pages          = {299-305}, 
 year = {2000} }


@inproceedings{riloff2003-1,
  author         = {Riloff, E. and Wiebe, J. and Wilson, T.},
  title          = "{L}earning {S}ubjective {N}ouns {U}sing {E}xtraction {P}attern {B}ootstrapping",
  booktitle      = {Procs. of CoNLL},
  pages          = {25-32s}, 
  year = {2003} 
}

@inproceedings{brody-naacl10,
  author    = {Samuel Brody and
               Noemie Elhadad},
  title     = {An Unsupervised Aspect-Sentiment Model for Online Reviews},
  booktitle = {HLT-NAACL},
  year      = {2010},
  pages     = {804-812}
}


@article{pang-ftir07,
  author    = {Bo Pang and
               Lillian Lee},
  title     = {Opinion Mining and Sentiment Analysis},
  journal   = {Foundations and Trends in Information Retrieval},
  volume    = {2},
  number    = {1-2},
  year      = {2007},
  pages     = {1-135}
}

@inproceedings{pang2002,
  author         = {Pang, B, Lee L. and Vaithyanathan, S.},
  title          = "Thumbs up? sentiment classification using machine learning techniques",
  booktitle      = {Procs. of EMNLP},
  pages          = {79-86}, 
  year = {2002} }

@inproceedings{turney2002,
  author         = {Turney, P. D.},
  title          = "Thumbs up or thumbs down? semantic orientation applied to unsupervised classification of reviews",
  booktitle      = {Procs. of ACL},
  pages          = {417-424}, 
  year = {2002} }


@inproceedings{mckeownAdjectives,
  author         = {Hatzivassiloglou, V. and  McKeown, K. },
  title          = "Predicting the semantic orientation of adjectives",
  booktitle      = {Procs. of ACL/EACL},
  pages          = {174-181}, 
  year = {1997} }


@inproceedings{yu2003,
  author         = {Yu, H. and Hatzivassiloglou, V.},
  title          = "Towards answering opinion questions: Separating facts from opinions and identifying the polarity of opinion sentences.",
  booktitle      = {Procs. of EMNLP},
  pages          = {129-136}, 
  year = {2003} }


@inproceedings{ lenhart02can,
  author = "Schubert, L.",
  title = "Can we derive general world knowledge from texts",
  booktitle = {Procs. of Human Language Technology Conference},
  year = "2002"}


@inproceedings{ lin-icml03-wkshp,
    author = "Lin, W. and Yangarber, R. and Grishman, R.",
    title = "{B}ootstrapped {L}earning of {S}emantic {C}lasses from {P}ositive and {N}egative {E}xamples",
    booktitle = "Procs. of ICML-2003 Workshop on The Continuum from Labeled to Unlabeled Data",
    address = "Washington, D.C",
    pages = "103-111", 
    year = "2003" }



@inproceedings{conf/www/AgichteinLG01,
  author         = {Agichtein, E. and Lawrence, S. and Gravano, L.},
  title          = "{L}earning {S}earch {E}ngine {S}pecific {Q}uery {T}ransformations
                   for {Q}uestion {A}nswering",
  booktitle      = {Procs. of the 10th International World Wide Web Conference},
  pages          = {169-178},
  address        =  "Hong Kong, China",
  year           = 2001,
  url            = {http://www.informatik.uni-trier.de/~ley/db/conf/www/www2001.html#AgichteinLG01},

}


@inproceedings{conf/sigmod/AgichteinGV01,
  author         = {Agichtein, E. and Gravano, L. and Pavel, J. and
                   Sokolova, V. and Voskoboynik, A.},
  title          = "{S}nowball: {A} {P}rototype {S}ystem for {E}xtracting {R}elations
                   from {L}arge {T}ext {C}ollections",
  bookTitle      = {Procs. of the 2001 ACM SIGMOD International Conference on Management of Data},
  url            = {http://www.informatik.uni-trier.de/~ley/db/conf/sigmod/sigmod2001.html#AgichteinGV01},
  address        = "Santa Barbara, California",
  year           = 2001,
}

@inproceedings{Brin-webdbb98,
    author = "Brin, S.",
    title = "{E}xtracting {P}atterns and {R}elations from the {W}orld {W}ide {W}eb",
    booktitle = "WebDB Workshop at 6th International Conference on Extending Database Technology, {EDBT}'98",
    pages = {172-183},
    address = "Valencia, Spain",
    year = "1998",
    url = "citeseer.nj.nec.com/brin98extracting.html" }


@inproceedings{ Craven-aaai98,
    author = "Craven, M. and DiPasquo, D. and Freitag, D. and McCallum, A.K. and Mitchell, T. and Nigam, K. and Slattery, S.",
    title = "{L}earning to {E}xtract {S}ymbolic {K}nowledge from the {W}orld {W}ide {W}eb",
    booktitle = "Procs. of the 15th Conference of the American Association for Artificial Intelligence",
    publisher = "AAAI Press, Menlo Park, US",
    address = "Madison, US",
    pages = "509--516",
    year = "1998",
    url = "citeseer.nj.nec.com/article/craven98learning.html" }


@inproceedings{ace-lrec2004,
    author = "Doddington, G. and Mitchell, A. and Przybocki, M. and 
    Ramshaw, L. and Strassel, S. and and Weischedel, R.",
    title = "The Automatic Content Extraction ({ACE}) Program-Tasks, Data, and Evaluation",
    booktitle = "Procs. of LREC",
    year = "2004" }

@inproceedings{ skounakis-ijcai2003,
    author = "Skounakis,M. and Craven, M and Ray, S.",
    title = "{H}ierarchical {H}idden {M}arkov {M}odels for {I}nformation {E}xtraction",
    pages = "427-433",
    booktitle = "Procs. of the 18th International Joint Conference on Artificial Intelligence",
    address = "Acapulco, Mexico", 
    year = "2003" }


@inproceedings{ Sombatsrisomboon,
    author = "Sombatsrisomboon, R. and Matsuo, Y. and Ishizuka, M.",
    title = "{A}cquisition of {H}ypernyms and {H}yponyms from the {WWW}",
    booktitle = "Procs. of 2nd International Workshop on Active Mining",
    url = "http://www.miv.t.u-tokyo.ac/jp/papers/ratchai-AM2003.pdf",
    address = "Maebashi City, Japan",
    year = "2003" }


@inproceedings{ ravichandran-acl2002,
        author = "Ravichandran, D. and Hovy, D.",
        year = "2002",
        title = "{L}earning {S}urface {T}ext {P}atterns for a {Q}uestion {A}nswering {S}ystem",
        pages = "41--47", 
        booktitle = "Procs. of the 40th Annual Meeting of the Association for Computational Linguistics", 
        address = "Philadelphia, Pennsylvania" }

@inproceedings{ kia-www,
        author = "Etzioni, O. and Cafarella, M. and Downey, D. and Kok, S. and Popescu, A. and Shaked, T. and Soderland, S. and Weld, D. and Yates, A.",
        year = "2004",
        title = "{W}eb-{S}cale {I}nformation {E}xtraction in {KnowItAll}",
        pages = "100-110",
        booktitle = "WWW", 
        address = "New York City, New York" }

@inproceedings{ kia-www04,
        author = "Etzioni, O. and Cafarella, M. and Downey, D. and Kok, S. and Popescu, A. and Shaked, T. and Soderland, S. and Weld, D. and Yates, A.",
        year = "2004",
        title = "{W}eb-{S}cale {I}nformation {E}xtraction in {KnowItAll}",
        booktitle = "Proceedings of World Wide Web Conference"
}

@inproceedings{ kia-aaai,
        author = "Etzioni, O. and Cafarella, M. and Downey, D. and
		Popescu, A. and Shaked, T. and Soderland, S. and
		Weld, D. and Yates, A.",
        year = "2004",
        title = "{M}ethods for domain-independent information extraction
			from the {Web}: {An} experimental comparison",
        pages = "391--398",
        booktitle = "Procs. of the 19th National Conference on
			Artificial Intelligence (AAAI-04)", 
        address = "San Jose, California"
}


@inproceedings{ cohen99recognizing,
    author = "Cohen, W.",
    title = "{R}ecognizing {S}tructure in {W}eb {P}ages using {S}imilarity {Q}ueries",
    booktitle = "{AAAI}/{IAAI}",
    pages = "59--66",
    year = "1999", 
    address = "Orlando, Florida" }

@inproceedings{ nigam-kdd00,
  author = "Nigam, K. and Ghani, R.",
  title = "{U}nderstanding the {B}ehavior of {C}o-training",
  booktitle = "Procs. of the KDD-2000 Workshop on Text Mining",
  year = "2000", 
  pages = "105-107", 
  address = "Boston, Massachussetts" }



@Article{journals/ml/NigamMTM00,
  Author         = {Nigam, K. and McCallum, A. and Thrun, S.
                   and Mitchell, T.},
  Title          = "{T}ext {C}lassification from {L}abeled and {U}nlabeled
                   {D}ocuments using {EM}",
  Journal        = {Machine Learning},
  Volume         = {39},
  Number         = {2/3},
  Pages          = {103-134},
  year           = 2000
}


@inproceedings{ cohen02learningwrappers,
    author = "Cohen, W. and Hurst, M. and Jensen, L.S.",
    title = "{A} {F}lexible {L}earning {S}ystem for {W}rapping {T}ables and {L}ists in {HTML} {D}ocuments",
    pages = {323-241},
    year = "2002",
    booktitle = "Procs. of the 11th International World Wide Web Conference", 
    address = "Honolulu, Hawaii"}


@techreport{ david94troubleshooting,
    author = "Heckerman, D. and Breese, J. S. and Rommelse, K.",
    title = "{T}roubleshooting {U}nder {U}ncertainty",
    number = "MSR-TR-94-07",
    month = "January",
    year = "1994",
    url = "citeseer.ist.psu.edu/heckerman94troubleshooting.html" }

@inproceedings( turney-ecml2001,
  author=       "Turney, P. D.",
  title=        "{M}ining the {W}eb for {S}ynonyms: {PMI-IR} versus {LSA} on {TOEFL}",
  booktitle=    "Procs. of the Twelfth European Conference on Machine Learning (ECML)",
  pages = "491--502",
  address = "Freiburg, Germany",
  year=         2001
)

@misc{ turney-types,
  author = "Turney P. D.",
  year = "2000",
  title = "{T}ypes of {C}ost in {I}nductive {C}oncept {L}earning",
  pages = "15--21",
  booktitle = "Workshop on Cost-Sensitive Learning at ICML2000, Stanford University, California",
  url = "citeseer.ist.psu.edu/turney00types.html" }

@inproceedings{ turney-thumbsup,
  author = "Turney, P. D.",
  title = "{T}humbs {U}p or {T}humbs {D}own? {S}emantic {O}rientation {A}pplied 
		to {U}nsupervised {C}lassification of {R}eviews",
  year = "2002",
  pages = {129--159},
  booktitle = "Procs. of the 40th Annual Meeting of the Association for Computational Linguistics", 
  address = "Philadelphia, Pennsylvania" }

@article{ wordnet,
    author = "Miller, G. and Beckwith, R. and Fellbaum, C. and Gross, D. and Miller, K.",
    title = "Introduction to {WordNet}: An on-line lexical database",
    journal = "International Journal of Lexicography",
    volume = "3(4)",
    pages = "235-312",
    year = "1990"}


@article{ cohen00webcollaborative,
    author = "Cohen, W. and Fan, W.",
    title = "{Web}-{C}ollaborative {F}iltering: {R}ecommending {M}usic by {C}rawling the {Web}",
    journal = "Computer Networks (Amsterdam, Netherlands: 1999)",
    volume = "33",
    number = "1--6",
    pages = "685--698",
    year = "2000",
    url = "citeseer.nj.nec.com/cohen00webcollaborative.html" }


@article{ turney-littman-03,
  author = "Turney, P. D. and Littman, M.",
  title = "{M}easuring {P}raise and {C}riticism: {I}nference of {S}emantic {O}rientation from {A}ssociation",
  journal = "ACM Transactions on Information Systems {(TOIS)}",
  volume = "21", 
  number = "4", 
  year = "2003",
  pages = {315--346},
  booktitle = "ACM Transactions on Information Systems {(TOIS)}" }


@inproceedings{ jones-atem03,
  author = "Jones, R. and Ghani, R. and Mitchell, T. and Riloff, E.",
  title = "{A}ctive {L}earning for {I}nformation {E}xtraction with {M}ultiple {V}iew {F}eature {S}ets",
  year = "2003",
  booktitle = "Procs. of the ECML/PKDD-03 Workshop on Adaptive Text Extraction and Mining", 
  address = "Catvat--Dubrovnik, Croatia" }


@inproceedings{ uryupina-naacl03,
  author = "Uryupina, O.",
  title = "{S}emi-{S}upervised {L}earning of {G}eographical {R}eferences within {T}ext",
  year = "2003",
  booktitle = "Procs. of the NAACL-03 Workshop on the Analysis of Geographic References", 
  pages = "21-29",
  address = "Edmonton, Canada" }



@inproceedings{ guo2002activeclassification,
  author = "Guo, A.",
  title = "{A}ctive {C}lassification with {B}ounded {R}esources",
  year = "2002",
  pages = "24-29",
  booktitle = "Procs. of the AAAI Spring Symposium on Information Refinement and Revision for Decision Making", 
  address = "Stanford University, Palo Alto, California" }

@article{35581,
 author = {Papadimitriou, C. and Tsisiklis, J.},
 title = "{T}he {C}omplexity of {M}arkov {D}ecision {P}rocesses",
 journal = {Math. Oper. Res.},
 volume = {12},
 number = {3},
 year = {1987},
 issn = {0364-765X},
 pages = {441--450},
 publisher = {INFORMS},
 }

@techreport{ downey2004patternsextended,
  author = "Downey, D.",
  title = "{L}earning {T}ext {P}atterns for {W}eb {I}nformation {E}xtraction and {A}ssessment (Extended Version)",
  institution = "University of Washington Computer Science and Engineering",
  number = "UW-CSE-04-05-01",
  month = "May",
  year = "2004" }

@article{120559,
 author = {Etzioni, O.},
 title = "{E}mbedding {D}ecision-{A}nalytic {C}ontrol in a {L}earning {A}rchitecture",
 journal = {Artificial Intelligence},
 volume = {49},
 number = {1-3},
 year = {1991},
 issn = {0004-3702},
 pages = {129--159},
 doi = {http://dx.doi.org/10.1016/0004-3702(91)90008-8},
 publisher = {Elsevier Science Publishers Ltd.} }

@inproceedings{ riloff1-02,
    author = "Phillips, W. and Riloff, E.",
    title = "{E}xploiting {S}trong {S}yntactic {H}euristics and {C}o-{T}raining to {L}earn {S}emantic {L}exicons",
    booktitle = "Procs. of the 2002 Conference on Empirical Methods in Natural Language Processing",
    pages = "125--132",
    year = "2002", 
    address = "Philadelphia, Pennsylvania" }

@article{ turney01mining,
    author = "Turney, P. D.",
    title = "{M}ining the {Web} for {S}ynonyms: {PMI--{IR}} versus {LSA} on {TOEFL}",
    journal = "Lecture Notes in Computer Science",
    volume = "2167",
    pages = "491--502",
    year = "2001",
    url = "citeseer.ist.psu.edu/turney01mining.html" }

@inproceedings{ riloff-aaai99-full,
        author = "Riloff, E. and Jones, R.",
        year = 1999,
        title = "{L}earning {D}ictionaries for {I}nformation {E}xtraction by {M}ulti-level {B}oot-strapping",
        booktitle = "Procs. of the 16th National Conference on Artificial Intelligence",
        publisher = "{The AAAI Press/MIT Press}",
        pages = "1044--1049",
        address = "Orlando, Florida", 
        url = "citeseer.ist.psu.edu/riloff99learning.html" }

@inproceedings{ riloff-aaai99,
        author = "Riloff, E. and Jones, R.",
        year = 1999,
        title = "{L}earning {D}ictionaries for {I}nformation {E}xtraction by {M}ulti-level {B}oot-strapping",
        booktitle = "Procs. of AAAI-99",
        pages = "1044--1049",
        url = "citeseer.ist.psu.edu/riloff99learning.html" }


@inproceedings{ riloff-emnlp2002,
  author = "Thelen, M. and Riloff, E.",
  year = "2002",
  title = "{A} {B}ootstrapping {M}ethod for {L}earning {S}emantic {L}exicons using {E}xtraction {P}attern {C}ontexts",
  pages = "214-221",
  booktitle = "Procs. of the 2002 Conference on Empirical Methods in NLP", 
  address = "Philadelphia, Pennsylvania" }

@inproceedings{ kushmerick97wrapper,
    author = "Kushmerick, N. and Weld, D. and Doorenbos, R.",
    title = "{W}rapper {I}nduction for {I}nformation {E}xtraction",
    booktitle = "Procs. of the 15th International Joint Conference on Artificial Intelligence ({IJCAI})",
    pages = "729--737",
    year = "1997",
    address = "Nagoya, Aichi, Japan",
    url = "citeseer.ist.psu.edu/kushmerick97wrapper.html" }

@article{ muslea01hierarchical,
    author = "Muslea, I. and Minton, S. and Knoblock, C.",
    title = "{H}ierarchical {W}rapper {I}nduction for {S}emistructured {I}nformation {S}ources",
    journal = "Autonomous Agents and Multi-Agent Systems",
    volume = "4",
    number = "1/2",
    pages = "93-114",
    year = "2001",
    url = "citeseer.ist.psu.edu/muslea01hierarchical.html" }

@article{ soderland99learning,
    author = "Soderland, S.",
    title = "{L}earning {I}nformation {E}xtraction {R}ules for {S}emi-{S}tructured and {F}ree {T}ext",
    journal = "Machine Learning",
    volume = "34",
    number = "1-3",
    pages = "233-272",
    year = "1999",
    url = "citeseer.ist.psu.edu/soderland99learning.html" }

@inproceedings{ califf98relational,
    author = "Califf, M.E. and Mooney, R.J.",
    title = "{R}elational {L}earning of {P}attern-{M}atch {R}ules for {I}nformation {E}xtraction",
    booktitle = "Working Notes of {AAAI} Spring Symposium on Applying Machine Learning to Discourse Processing",
    publisher = "AAAI Press",
    address = "Menlo Park, CA",
    pages = "6--11",
    year = "1998",
    url = "citeseer.ist.psu.edu/article/califf97relational.html" }

@inproceedings{ ciravegna2001adaptive,
  author = "Ciravegna, F.",
  title = "{A}daptive {I}nformation {E}xtraction from {T}ext by {R}ule {I}nduction and {G}eneralisation",
  year = "2001",
  pages = "1251-1256",
  booktitle = "Procs. of the 17th International Joint Conference on Artificial Intelligence (IJCAI 2001)", 
  address = "Seattle, Washington" }

@inproceedings{ agichtein03querying,
  author = "Agichtein, E. and Gravano, L.",
  title = "{Q}uerying {T}ext {D}atabases for {E}fficient {I}nformation {E}xtraction",
  booktitle = "Procs. of the 19th IEEE International Conference on Data Engineering (ICDE 2003)",
  year = "2003",
  pages = "113-124",
  address = "Bangalore, India",
  url = "citeseer.ist.psu.edu/agichtein03querying.html" }

@inproceedings{ collins99unsupervised,
  author = "Collins, M. and Singer, Y.",
  title = "{U}nsupervised {M}odels for {N}amed {E}ntity {C}lassification",
  year = "1999",
  booktitle = "Procs. of the Joint SIGDAT Conference on Empirical Methods in Natural Language Processing and Very Large Corpora", 
  pages = "100-111", 
  address = "Maryland, USA" }


@inproceedings{ nigam-ijcai99,
  author = "Nigam, K. and Lafferty, J. and McCallum, A.",
  title = "{U}sing {M}aximum {E}ntropy for {T}ext {C}lassification",
  year = "1999",
  pages =  "61--67", 
  booktitle = "Procs. of IJCAI-99 Workshop on Machine Learning for Information Filtering", 
  address = "Stockholm, Sweden" }



@inproceedings{ ciravegna03integrating,
  author = "Ciravegna, F. and Dingli, A. and Guthrie, D. and Wilks, Y.",
  title = "{I}ntegrating {I}nformation to {B}ootstrap {I}nformation {E}xtraction from {W}eb {S}ites",
  year = "2003",
  pages = "9-14",
  booktitle = "Procs. of the IIWeb Workshop at the 19th International Joint Conference on Artificial Intelligence (IJCAI 2003)", 
  address = "Acapulco, Mexico" }

@incollection{NIPS2005_887,
author = {Snow, R. and Jurafsky, D. and Ng, A.Y.},
title = "{L}earning {S}yntactic {P}atterns for {A}utomatic {H}ypernym {D}iscovery",
booktitle = "Advances in Neural Information Processing Systems 17",
editor = "Lawrence K. Saul and Yair Weiss and {L\'{e}on} Bottou",
publisher = "MIT Press",
address = "Cambridge, MA",
year = "2005",
}

@inproceedings{ downey-ijcai2005,
    Author = {Downey, D. and Etzioni, O. and Soderland, S.},
    Title = "{A} {P}robabilistic {M}odel of {R}edundancy in {I}nformation {E}xtraction",
    booktitle = "Procs. of IJCAI", 
    booktitlefull = "Procs. of the 19th International Joint Conference on Artificial Intelligence (IJCAI 2005)",
    year = "2005" 
}

@inproceedings{ anon-downey-ijcai05,
    Author = {Anonymous},
    Title = "A Probabilistic Model of Redundancy in Information Extraction",
    booktitle = "Procs. of IJCAI", 
    booktitlefull = "Procs. of the 19th International Joint Conference on Artificial Intelligence (IJCAI 2005)",
    year = "2005" 
}


@inproceedings{ cafarella-www05,
Author ={Cafarella, M. and Etzioni, O.},
Title = "{A} {S}earch {E}ngine for {N}atural {L}anguage {A}pplications",
booktitle = "Procs. of the 14th International World Wide Web Conference (WWW 2005)",
year= "2005",
address="Tokyo, Japan"}

@inproceedings{ cafarella-emnlp05,
    Author = {Cafarella, M. and Downey, D. and Soderland, S. and Etzioni, O.},
    Title = "{KnowItNow}: Fast, Scalable Information Extraction from the {Web}",
    booktitle = "Procs. of EMNLP",
    year = "2005" 
}

@inproceedings{ anon-cafarella-www05,
Author ={Anonymous},
Title = "A Search Engine for Natural Language Applications",
booktitle = "Procs. of the 14th International World Wide Web Conference (WWW 2005)",
year= "2005"}

@INProceedings{ddowney-atem04,
    Author         = {Downey, D. and Etzioni, O. and Soderland, S. and Weld, D.S.},
    Title          = "{L}earning {T}ext {P}atterns for {W}eb {I}nformation {E}xtraction and {A}ssessment",
    Booktitle      = {AAAI-04 Workshop on Adaptive Text Extraction and Mining},
    pages = "50--55",
    Year           = {2004}
}


@inproceedings( krupka-muc3,
  author=       "G. Krupka and P. Jacobs and L. Rau and L. Iwanska",
  title=        {{GE}: Description Of The {NLToolset} System As Used For {MUC-3}},
  booktitle= 	"Proceedings of the Third Message Understanding Conference",
  year= 	1991
)


@inproceedings( etzioni-sss94,
  author= 	"Etzioni, O. and Maes, P. and Mitchell, T. and Shoham, Y",
  title= 	{{editors}},
  booktitle= 	"Working Notes of the AAAI Spring Symposium: Software Agents",
  address= 	{Menlo Park, CA},
  year= 	1994,
  publisher= 	{AAAI Press}
)

@inproceedings( lehnert-muc5,
  author= "Lehnert, W. and McCarthy, J. and Soderland, S. and
	Riloff, E. and Cardie, C. and Peterson, J. and Feng, F. and 
	Dolan, C. and Goldman, S.",
  title= {Description Of the {CIRCUS} System As Used For {MUC-5}},
  booktitle= "Procs. of the Fifth Message Understanding 
	Conference",
  pages = "277--290",
  year = "1993"
)

@inproceedings( fisher-muc6,
  author= "Fisher, D. and Soderland, S. and McCarthy, J. and 
	Feng, F. and Lehnert, W.",
  title= {Description Of the {UMass} System As Used For {MUC-6}},
  booktitle= "Procs. of the Sixth Message Understanding 
	Conference",
  pages = "127--140",
  year= 	1995
)

@book(muc3,
  author= 	"ARPA",
  title= 	"Proc. 3rd Message Understanding Conf.",
  booktitle= 	"Proc. 3rd Message Understanding Conf.",
  publisher= 	"Morgan Kaufmann",
  year= 	1991)

@book(muc7,
  author= 	"ARPA",
  title= 	"Proc. 7th Message Understanding Conf.",
  booktitle= 	"Proc. 6th Message Understanding Conf.",
  publisher= 	"Morgan Kaufmann",
  year= 	1998)


@inproceedings( miller-muc7,
  author=       "S. Miller and M. Crystal and H. Fox and L. Ramshaw and 
		R. Schwartz and R. Stone and R. Weischedel",
  title=        {{BBN}: Description of the {SIFT} system as used for {MUC-7}},
  booktitle= 	"Proceedings of the Seventh Message Understanding Conference",
  year= 	1998
)


@inproceedings(hobbs-muc4,
  author= "Hobbs, J.R. and Appelt, D. and Tyson, M. and Bear, J. and Israel, D.",
  title= {Description Of the {FASTUS} System Used For {MUC-4}},
  booktitle= "Procs. of the Fourth Message Understanding 
	Conference",
  pages = "268--275",
  year= 	1992
)


@Inproceedings{soderland-atem04,
    Author         = {Soderland, S. and Etzioni, O. and Shaked, T. and Weld, D.S.},
    Title          = "The use of {W}eb-based statistics 
				to validate information extraction",
    Booktitle      = {AAAI-04 Workshop on Adaptive Text Extraction and Mining},
    pages = "21--26",
    Year           = {2004}
}

@Inproceedings{popescu-atem04,
    Author         = {Popescu, A. and Yates, A. and Etzioni, O.},
    Title          = "Class extraction from the {World Wide Web}",
    Booktitle      = {AAAI-04 Workshop on Adaptive Text Extraction and Mining},
    pages = "68--73",
    Year           = {2004}
}


@inproceedings( bahle-2001,
  author= "Bahle, D. and Williams, H.E. and Zobel, J.",
  title= {Optimised phrase querying and browsing in text databases},
  booktitle= "Procs. of the Australasian Computer Science Conference",
  pages = "11--19",
  year= 	2001
)

@inproceedings( bahle-acm2002,
  author= "Bahle, D. and Williams, H.E. and Zobel, J.",
  title= {Efficient phrase querying with an auxiliary index},
  booktitle= "Procs. of the ACM-SIGIR Conference on 
	Research and Development in Information Retrieval",
  pages = "215--221",
  year= 	2002
)

@inproceedings{ agichtein00snowball,
    author = "E. Agichtein and L. Gravano",
    title = "Snowball: Extracting Relations from Large Plain-Text Collections",
    booktitle = "Procs. of the Fifth {ACM} International Conference on Digital Libraries",
    year = "2000",
    url = "citeseer.ist.psu.edu/article/agichtein00snowball.html" 
}

@inproceedings{minipar,
    author = {Lin, D.},
    title = {Dependency-Based Evaluation of MINIPAR},
    booktitle = {Workshop on Evaluation of Parsing Systems at ICLRE},
    year = 1998 
}


@inproceedings{kushmerick-ai2000,
    author = {Kushmerick, N.},
    title = {Wrapper induction: Efficiency and expressiveness},
    booktitle = {Artificial Intelligence},
    volume = "118",
    pages = "15-68",
    year = 2000 
}

@inproceedings{muslea-aa1999,
    author = {Muslea, I. and Minton, S. and Knoblock, C.},
    title = {A hierarchical approach to wrapper induction},
    booktitle = {Procs. of the Third International Conference on Autonomous Agents},
    pages = "190-197",
    year = 1999
}

@inproceedings{hsu-jis1998,
    author = {Hsu, C and Dung, M.},
    title = {Generating finite-state transducers for semistructured data extraction from the {Web}},
    booktitle = {J.Information Systems},
    volume = "23",
    pages = "521-538",
    year = 1998 
}


@Inproceedings{cohen-atem01,
    Author         = {Cohen, W. and Jensen, L.},
    Title          = "A structured wrapper induction system for extraction information
			from semi-structured documents",
    Booktitle      = {Workshop on Adaptive Text Extraction and Mining (ATEM-01},
    Year           = {2001}
}

@Inproceedings{harabagiu-coling00,
  author = "S. Harabagiu and M. Pasca and S. Maiorano",
  title = "Experiments with open-domain textual question answering",
  Booktitle      = "Procs. of the COLING-2000.",
  year = "2000"
}


@article{zilberstein-aij96,
    author = "Shlomo Zilberstein and Stuart J. Russell",
    title = "Optimal Composition of Real-Time Systems",
    journal = "Artificial Intelligence",
    volume = "82",
    number = "1-2",
    pages = "181-213",
    year = "1996"
 }

@article{horvitz-aij01,
    author = "Eric Horvitz",
    title = "Principles and applications of continual computation",
    journal = "Artificial Intelligence",
    volume = "126",
    number = "1-2",
    pages = "159-196",
    year = "2001"
}

@inproceedings{boutilier-aaai94,
    author = "Craig Boutilier and Richard Dearden",
    title = "Using Abstractions for Decision-Theoretic Planning with Time Constraints",
    booktitle = "Procs. of the Twelfth National Conference on Artificial Intelligence ({AAAI}-94)",
    pages = "1016--1022",
    year = "1994"
 }

@Article{bratman-ci88,
  author = "Bratman, M.E. and Israel, D.J. and Pollack, M.E.",
  title = "Plans And Resource-Bounded Practical Reasoning",
  Journal        = "Computational Intelligence",
    volume = "4",
    number = "4",
    pages = "349--355",
    year = "1988"
}


@inproceedings{russell-aij91,
  author = "Russell, S.J and Wefald, E.H.",
  title = "Principles of metareasoning",
  booktitle = "Artificial Intelligence",
    volume = "49",
    pages = "361--395",
    year = "1991"
}

@inproceedings{chakrabarti-www8,
  author = "Chakrabarti, S. and van den Berg, M. and Dom, B.",
  title = "Focused Crawling: A New Approach to Topic-Specific Web Resource Discovery",
  booktitle = "Procs. of the Eighth International World Wide Web 
                  Conference",
    year = "1999"
}

@inproceedings{cohen-www9,
  author = "Cohen, W. and Fan, W.",
  title = "Web-Collaborative Filtering: Recommending Music By Spidering the Web",
  booktitle = "Procs. of the Ninth International World Wide Web 
                  Conference",
    year = "2000"
}

Hayato Yamana, Kent Tamura, Hiroyuki Kawano, Satoshi Kamei, Masanori Harada, Hideki Nishimura, Isao Asai, Hiroyuki Kusumoto,Yoichi Shinoda and Yoichi Muraoka, Experiments of collecting WWW information using distributed WWW robots, SIGIR 98 

@inproceedings( yamana-sigir98,
  author= 	"Yamana, H. and Tamura, K. and Kawano, H. and Kamei, S. and Harada, M. and Nishimura, H. and Asai, I. and 
		Kusumoto, H. and Shinoda, Y. and Muraoka, Y.",
  title= 	{Experiments of collecting {WWW} information using distributed {WWW} robots},
  booktitle= 	"Proc. of the 21st Annual International ACM SIGIR Conference on Research and Development in Information Retrieval",
  year= 	1998
)


@inproceedings(jones-ijcai99,
  author= 	"Jones, R. and McCallum, A. and  Nigam K. and Riloff, R.",
  title= 	{Bootstrapping for Text Learning Tasks},
  booktitle= 	"Proc. of the IJCAI-99 Workshop on Text Mining: Foundations, Techniques and Applications",
  year= 	1999
)

@inproceedings(rennie-icml99,
  author= 	"Rennie, J. and McCallum, A.",
  title= 	{Using Reinforcement Learning to Spider the {Web} Efficiently},
  booktitle= 	"Proc. of the Sixteenth International
		  Conference on Machine Learning (ICML-99)",
  year= 	1999
)

@inproceedings(riloff-aaai96,
  author=       {Riloff, E.},
  title=        {Automatically constructing extraction patterns from untagged text},
  booktitle=    {Procs. of the Thirteenth National
		  Conference on Artificial Intelligence (AAAI-96)},
  year=         1996,
  pages=        "1044--1049" 
)

@inproceedings(kim-ieee93,
   author = {Kim, J. and Moldovan, D.},
   title  = {Acquisition of semantic patterns for information extraction from corpora},
   booktitle = {Procs. of Ninth IEEE Conference on Artificial Intelligence for Applications},
   year = {1993},
   pages = {171--176},
)

@inproceedings(collins-vlc98,
  author=       {Collins, M. and Miller, S.},
  title=        {Semantic tagging using a probabilistic context free grammar},
  booktitle=    {Procs. of the Sixth Workshop on Very Large Corpora},
  year=         1998
)


@inproceedings(sudo-hlt2001,
  author=       {Sudo, K. and Sekine, S. and Grishman, R.},
  title=        {Automatic pattern acquisition for {Japanese} information extraction},
  booktitle=    {Procs. of Human Language Technology Conference (HTL2001)},
  year=         2001
)

@inproceedings( yangarber-coling2000,
  author=       "Yangarber, R. and Grishman, R. and Tapanaien, P. and Huttunen, S.",
  title=        {Automatic acquisition of domain knowledge for information extraction},
  booktitle= 	"Procs. of the 18th International Conference on Computational 
			Linguistics (COLING 2000)",
  year= 	2000
)

@inproceedings{ califf-aaai99,
    author = "M. E. Califf and R. J. Mooney",
    title = "Relational Learning of Pattern-Match Rules for Information Extraction",
    booktitle = "Proc. 16th National Conference on Artificial Intelligence (AAAI-99)",    
    pages = "329--334",
    year = "1999"
}


@inproceedings{ thompson-aaai99,
    author = "Thompson, C.A. and Mooney, R.J.",
    title = "Automatic construction of semantic lexicons for learning natural language interfaces",
    booktitle = "Proc. 16th National Conference on Artificial Intelligence (AAAI-99)",    
    pages = "487--493",
    year = "1999"
}


@inproceedings{ zelle-aaai96,
    author = "Zelle, J.M. and Mooney, R.J.",
    title = "Learning to parse database queries using inductive logic programming",
    booktitle = "Proc. 13th National Conference on Artificial Intelligence (AAAI-96)",    
    pages = "1050--1055",
    year = "1996"
}

@inproceedings{ thompson-icml99,
    author = "Thompson, C.A. and Califf, M.E. and Mooney, R.J.",
    title = "Active Learning for Natural Language Parsing and Information Extraction",
    booktitle = "Proc. 16th International Machine Learning Conference (ICML-99)",    
    pages = "406--414",
    year = "1999"
}

@inproceedings{lewis-ecml98,
    author = "David D. Lewis",
    title = "Naive ({B}ayes) at forty: The independence assumption in information retrieval.",
    booktitle = "Procs. of {ECML}-98, 10th European Conference on Machine Learning",
    pages = "4--15",
    year = "1998"
}


@book {moderninforetrieval,
  author="R. Baeza-Yates and B. Ribeiro-Neto",
  title="Modern Information Retrieval",
  year=1999,
  publisher="Addison Wesley",
  city="New York",
  state="{NY}"
}

@misc {nutch,
  author="Nutch",
  title="http://incubator.apache.org/nutch/"
}

@misc {lucene,
  author="Lucene",
  title="http://lucene.apache.org/java/docs/index.html"
}

@misc {zipf,
  author="Zipf",
  title="http://www.nslij-genetics.org/wli/zipf/index.html"
}

@misc {resnik-lse,
  author="Resnik, P.",
  title="http://lse.umiacs.umd.edu/"
}


@article{ xu-nc96,
    author = "Xu, L. and Jordan, M.I.",
    title = "On Convergence Properties of the {EM} Algorithm for Gaussian Mixtures",
    journal = "Neural Computation",
    volume = "8",
    number = "1",
    pages = "129--151",
    year = "1996" 
}

@inproceedings{ nigam-aaai98,
    author = "Nigam, K. and McCallum, A.K. and Thrun, S. and Mitchell, T.M.",
    title = "Learning to classify text from labeled and unlabeled documents",
    booktitle = "Procs. of the 15th National Conference on
		Artificial Intelligence (AAAI-98)",
    pages = "792--799",
    year = "1998"
}



@article(     guha-aimag90,
  author=     "Guha, R.V. and Lenat, D.B.",
  title=      "Cyc: a mid-term report",
  journal=    "AI Magazine",
  year=       "1990",
  volume=     "11",
  number=     "3"
)

@inproceedings{ dong-sigmod05,
    author = "Dong, X. and Halevy, A.Y. and Madhavan, J.",
    title = "Reference Reconciliation in Complex Information Spaces",
    booktitle = "Procs. of the ACM SIGMOD Conference",
    year = "1998"
}

@inproceedings{ cohen-sigkdd2000,
    author = "Cohen, W.W. and Kautz, H. and McAllester, D.",
    title = "Hardening soft information sources",
    booktitle = "Procs. of the SIGKDD Conference",
    year = "2000"
}


@inproceedings{ mccallum-sigkdd2000,
    author = "McCallum, A. and Nigam, K. and Ungar, L.H.",
    title = "Efficient clustering of high-dimensional data sets with application to 
		reference matching",
    booktitle = "Procs. of the SIGKDD Conference",
    year = "2000"
}

@inproceedings{zhao-coling2000,
  author         = {Zhao, S. and Meyers, A. and Grishman, R.},
  title          = "Discriminative Slot Detection Using Kernel Methods ",
  booktitle      = {Procs. of the 20th International Conference on Computational Linguistices (COLING-04)},
  year           = "2004"
 }

@inproceedings{ mccallum-ijcai2003,
    author = "McCallum, A. and Jensen, D.",
    title = "A Note on the Unification of Information Extraction and Data Mining 
		using Conditional-Probability, Relational Models",
    booktitle = "Procs. of the 18th International Joint Conference on Artificial Intelligence",
    year = "2003" }

@article{ califf-mlr2003,
  author= "Califf, M.E. and Mooney, R.J.",
  title=   "Bottom-Up Relational Learning of Pattern Matching Rules for Information Extraction ",
  journal= "Machine Learning Research",
  year=    "2003",
  pages =  "177--210"
}

@incollection{ mooney-stat05,
  author= "Mooney, R.J. and Bunescu, R.",
  title= 	{Statistical Relational Learning for Natural-Language Information Extraction and Semantic Parsing},
  editor= 	"Getoor, L. and Taskar, B.",
  year= 	2005,
  booktitle= "Statistical Relational Learning"
}


@inproceedings{ pantel-acl2005,
    author = "Pantel, P.",
    title = "Inducing Ontological Co-occurrence Vectors",
    booktitle = "Procs. of the Association for Computational Linguistics (ACL-05)",
    year = "2005" 
}

@inproceedings{ chklovski-emnlp04,
    author = "Chklovski, T. and Pantel, P.",
    title = "{VerbOcean}: Mining the Web for Fine-Grained Semantic Verb Relations",
    booktitle = "Proceedings of the Conference on Empirical Methods in Natural Language Processing (EMNLP-04)",
    pages =  "33--40",
    year = "2004" 
}


@inproceedings{popescu-aaai04,
        author = "Popescu, A. and Armanasu, A. and Etzioni, O. and Ko, D. and Yates, A.",
        title = "{PRECISE}  on {ATIS}: Semantic tractability and experimental results",
        pages = "1026--1027",
        booktitle = "Procs. of the 19th National Conference on
			Artificial Intelligence (AAAI-04)",
        year = "2004"
}

@inproceedings{mcdowell-iswc04,
        author = "McDowell, L. and Etzioni, O. and Halevy, A.Y.",
        title = " The Specification of Agent Behavior by Ordinary People: A Case Study",
        pages = "182--197",
        booktitle = "Procs. of International Semantic Web Conference 2004",
        year = "2004"
}


@inproceedings{mcdowell-sw04,
        author = "McDowell, L. and Etzioni, O. and Halevy, A.Y.",
        title = " Specifying Semantic Email Processes",
        booktitle = "Procs. of WWW Workshop on Application Design, Development and
			Implementation Issues in the Semantic Web",
        year = "2004"
}

@article{ mcdowell-jws04,
  author= "McDowell, L. and Etzioni, O. and Halevy, A.Y.",
  title=   "Semantic email: theory and applications",
  journal= "Web Semantics",
  Volume         = {2},
  Number         = {2},
  year=    "2004",
  pages =  "153--183"
}



@inproceedings{mcdowell-www04,
        author = "McDowell, L. and Etzioni, O. and Halevy, A.Y. and Levy, H.M.",
        title = " Semantic email",
        pages = "244--254",
        booktitle = "Procs. of World Wide Web Conference 2004",
        year = "2004"
}

@inproceedings{halevy-cidr03,
        author = "Halevy, A.Y. and Etzioni, O. and Doan, A. and Ives, Z. and Madhavan, J. 
		and McDowell, L. and Tatarinov, I.",
        title = " Crossing the Structure Chasm",
        booktitle = "Procs. of CIDR 2003",
        year = "2003"
}


@inproceedings{ weld-ijcai2003,
    author = "Weld, D.S. and Anderson, C.R. and Domingos, P. and Etzioni, O. and Gajos, K. 
		and Lau, T.A. and Wolfman, S.A.",
    title = "Automatically Personalizing User Interfaces",
    pages = "1613--1619",
    booktitle = "Procs. of the 18th International Joint Conference on Artificial Intelligence",
    year = "2003" 
}


@inproceedings{ etzioni-kdd2003,
    author = "Etzioni, O. and Tuchinda, R. and Knoblock, C.A. and Yates, A.",
    title = "To buy or not to buy: mining airfare data to minimize ticket purchase price",
    pages = "119--128",
    booktitle = "Procs. of KDD 2003",
    year = "2003" 
}

@inproceedings{popescu-ss2003,
    author = "Popescu, A. and Etzioni, O. and Kautz, H.A.",
    title = "Towards a Theory of Question-Answering Interfaces to Databases",
    pages = "73--74",
    booktitle = "Procs. of New Directions in Question Answering, 2003 AAAI Spring Symposium",
    year = "2003" 
}

@inproceedings{etzioni-wdb2003,
    author = "Etzioni, O. and Halevy, A.Y. and Levy, H.M. and McDowell, L.",
    title = "Semantic Email: Adding Lightweight Data Manipulation Capabilities to the Email Habitat",
    pages = "13--18",
    booktitle = "Procs. of International Workshop on Web and Databases (WebDB 2003)",
    year = "2003" 
}


@article{perkowitz-acm2000,
    author = "Perkowitz, M. and Etzioni, O.",
    title = "Adaptive Web sites",
    pages = "152--158",
    journal = "Communications of the ACM",
    volume         = {43},
    number         = {8},
    year = "2003" 
}

@article{sugiura-cn2000,
    author = "Sugiura, A. and Etzioni, O.",
    title = "Query routing for {Web} search engines: architecture and experiments",
    pages = "417--429",
    journal = "Computer Networks",
    volume         = {33},
    number         = {1-6},
    year = "2000" 
}

@article{etzioni-siam2000,
    author = "Etzioni, O. and Hanks, S. and Jiang, T. and Madani, O.",
    title = "Optimal Information Gathering on the Internet with Time and Cost Constraints",
    journal = "SIAM Journal on Computing",
    volume         = {29},
    number         = {5},
    pages = "1596--1620",
    year = "2000" 
}

@article{perkowitz-cn99,
    author = "Perkowitz, M. and Etzioni, O.",
    title = "Towards Adaptive {Web} Sites: Conceptual Framework and Case Study",
    pages = "1245--1258",
    journal = "Computer Networks",
    volume         = {31},
    number         = {11-16},
    year = "1999" 
}

@article{zamir-cn99,
    author = "Zamir, O. and Etzioni, O.",
    title = "Grouper: A Dynamic Clustering Interface to {Web} Search Results",
    pages = "1361--1374",
    journal = "Computer Networks",
    volume         = {31},
    number         = {11-16},
    year = "1999" 
}

@inproceedings{gajos-iui2004,
    author = "Gajos, K. and Weld, D.S.",
    title = "{SUPPLE}: automatically generating user interfaces",
    pages = "93--100",
    booktitle = "Procs. of 2004 International Conference on Intelligent User Interfaces (IUI 2004)",
    year = "2004" 
}


@inproceedings{ives-sigmod2004,
    author = "Ives, Z.G. and Halevy, A.Y. and Weld, D.S.",
    title = "Adapting to Source Properties in Processing Data Integration Queries",
    pages = "395--406",
    booktitle = "Procs. of ACM International Conference on Management of Data (SIGMOD 2004)",
    year = "2004" 
}

@article{lau-ml2003,
    author = "Lau, T.A. and Wolfman, S.A. and Domingos, P. and Weld, D.S.",
    title = "Programming by Demonstration Using Version Space Algebra",
    pages = "111--156",
    journal = "Machine Learning",
    volume         = {53},
    number         = {1-2},
    year = "2003" 
}

@inproceedings{anderson-kdd2002,
    author = "Anderson, C.R. and Domingos, P. and Weld, D.S.",
    title = "Relational Markov models and their application to adaptive {Web} navigation",
    pages = "143--152",
    booktitle = "Procs. of Eighth International Conference on Knowledge Discovery and 
		Data Mining (KDD-02)",
    year = "2002" 
}

@article{ives-vldb2002,
    author = "Ives, Z.G. and Halevy, A.Y. and Weld, D.S.",
    title = " An {XML} query engine for network-bound data",
    pages = "380--402",
    journal = "VLDB Journal",
    volume         = {11},
    number         = {4},
    year = "2002" 
}

@inproceedings{draper-icde2001,
    author = "Draper, D. and Halevy, A.Y.and Weld, D.S.",
    title = "The {Nimble XML} Data Integration System",
    pages = "155--160",
    booktitle = "Procs. of 17th International Conference on Data Engineering (ICDE-2001)",
    year = "2001" 
}

@inproceedings{anderson-ijcai2001,
    author = "Anderson, C.R. and Domingos, P. and Weld, D.S.",
    title = "Adaptive {Web} Navigation for Wireless Devices",
    pages = "879--884",
    booktitle = "Procs. of 17th International Joint Conference on Artificial Intelligence 
		(IJCAI-2001)",
    year = "2001" 
}

@inproceedings{wolfman-iui2001,
    author = "Wolfman, S.A. and Lau, T.A. and Domingos, P. and Weld, D.S.",
    title = "Mixed initiative interfaces for learning tasks: {SMARTedit} talks back",
    pages = "167--174",
    booktitle = "Procs. of 2001 International Conference on Intelligent User Interfaces (IUI 2001)",
    year = "2001" 
}

@inproceedings{draper-sigmod2001,
    author = "Draper, E. and Halevy, A.Y. and Weld, D.S.",
    title = "The {Nimble} Integration Engine",
    booktitle = "Procs. of ACM International Conference on Management of Data (SIGMOD 2001)",
    year = "2001" 
}

@inproceedings{tatarinov-sigmod2001,
    author = "Tatarinov, I. and Ives, Z.G. and Halevy, A.Y. and Weld, D.S.",
    title = "Updating {XML}",
    booktitle = "Procs. of ACM International Conference on Management of Data (SIGMOD 2001)",
    year = "2001" 
}

@inproceedings{anderson-www2001,
    author = "Anderson, C.R. and Domingos, P. and Weld, D.S.",
    title = "Personalizing {Web} Sites for Mobile Users",
    pages = "565--575",
    booktitle = "Procs. of the Tenth International World Wide Web Conference (WWW-10)",
    year = "2001" 
}

@article{ives-deb2001,
    author = "Ives, Z.G. and Halevy, A.Y. and Weld, D.S.",
    title = "Integrating Network-Bound {XML} Data",
    pages = "20--26",
    journal = "IEEE Data Engineering Bulletin",
    volume         = {24},
    number         = {2},
    year = "2001" 
}

@inproceedings{lau-icml2000,
    author = "Lau, T.A. and Domingos, P. and Weld, D.S.",
    title = "Version Space Algebra and its Application to Programming by Demonstration",
    pages = "527--534",
    booktitle = "Procs. of the 17th International Conference on Machine Learning (ICML-2000)",
    year = "2000" 
}

@article{levy-aij2000,
    author = "Levy, A.Y. and Weld, D.S.",
    title = "Intelligent Internet systems",
    pages = "1--14",
    journal = "Artificial Intelligence",
    volume         = {118},
    number         = {1-2},
    year = "2000" 
}


@article{ives-deb2000,
    author = "Ives, Z.G. and Halevy, A.Y. and Weld, D.S. and Florescu. D. and Friedman, M.",
    title = "Adaptive Query Processing for Internet Applications",
    pages = "19--26",
    journal = "IEEE Data Engineering Bulletin",
    volume         = {23},
    number         = {2},
    year = "2000" 
}

@inproceedings{lau-iui1999,
    author = "Lau, T.A. and Weld, D.S.",
    title = "Programming by Demonstration: An Inductive Learning Formulation",
    pages = "145--152",
    booktitle = "Procs. of 1999 International Conference on Intelligent User Interfaces (IUI 1999)",
    year = "1999" 
}

@inproceedings{ives-sigmod1999,
    author = "Ives, Z.G. and Florescu, D. and Friedman, M. and Levy, A.Y. and Weld, D.S.",
    title = "An Adaptive Query Execution System for Data Integration",
    pages = "299--310",
    booktitle = "Procs. of ACM International Conference on Management of Data (SIGMOD 199)",
    year = "1999" 
}

@inproceedings{anderson-webdb99,
    author = "Anderson, C.R. and Levy, A.Y. and Weld, D.S.",
    title = "Declarative Web Site Management with Tiramisu",
    pages = "19--24",
    booktitle = "Procs. of ACM SIGMOD Workshop on the Web and Databases (WebDB-1999)",
    year = "1999" 
}

@manual{turney-manual,
author={Turney, P. D.},
title="{W}aterloo {M}ulti{T}ext {S}ystem",
organization={Institute for Information Technology, Nat'l Research Council of Canada},
year={2004}
}

@inproceedings{ xuan-icaa01,
    author = "Xuan, P. and Lesser, V. and Zilberstein, S.",
    title = "Communication decisions in multi-agent cooperation: model and experiments",
    booktitle = "Procs. of the Fifth International Conference on Autonomous Agents",    pages = "616--623",
    year = "2001" 
}


@inproceedings{ ratnaparkhi-emnlp96,
    author = "Ratnaparkhi, A.",
    title = "A Maximum Entropy Part-Of-Speech Tagger",
    booktitle = "Procs. of the Empirical Methods in
	Natural Language Processing Conference",
    address="Univ. of Pennsylvania",
    year = "1996" 
}


@InProceedings{brill01,
  Author         = "E. Brill and J. Lin and M. Banko and S.
		T. Dumais and A. Y. Ng",
  Title          = "Data-Intensive Question Answering.",
  booktitle      = "Procs. of Text REtrieval Conference (TREC-10)",
  pages="393-400",
  year           = "2001"
}
@InProceedings{conf/sigir/BahleWZ02,
  author = "D. Bahle and H. E. Williams and J. Zobel",
  title = "Efficient Phrase Querying with an Auxiliary Index",
  booktitle = "Procs. of the ACM-SIGIR Conference on Research
    and Development in Information Retrieval.",
  pages="215-221",
  year = "2002"
}


@inProceedings{banko-ijcai07,
   author = "M. Banko and M. Cafarella and S. Soderland and  M. Broadhead and O. Etzioni",
   title = "Open Information Extraction from the {Web}",
   booktitle = "Procs. of IJCAI",
   booktitlefull = "Procs. of the 20th International Joint Conference on Artificial Intelligence (IJCAI 2007)",
   year = "2007"
}

@inProceedings{downey-ijcai07,
   author = "D. Downey and M. Broadhead and O. Etzioni",
   title = "Locating Complex Named Entities in Web Text",
   booktitle = "Procs. of IJCAI",
   booktitlefull = "Procs. of the 20th International Joint Conference on Artificial Intelligence (IJCAI 2007)",
   year = "2007"
}



@inproceedings{melamed97,
author="Melamed, I.D.",
title="{A Word-to-Word Model of Translational Equivalence}",
booktitle="Proceedings of ACL-1997 and EACL-1997",
pages = "490--497",
year="1997"
}

@inproceedings{gey2006,
author="Gey, F.C. and Kando, N. and Lin, C-Y. and Peters, C.",
title="New Directions in Multilingual Information Access: Introduction to
	the workshop at {SIGIR} 2006",
booktitle="Proceedings of Workshop on New Directions in Multilingual Information Access at SIGIR 2006",
year="2006"
}

@inproceedings{melamed95,
author="Melamed, I.D.",
title="{Automatic evaluation and uniform filter cascades
	for inducing n-best translation lexicons}",
booktitle="Proceedings of Third Workshop on Very Large Corpora",
year="1995"
}

@inproceedings{vonAhn2004,
author="von Ahn, L. and Dabbish, L.",
title="Labeling images with a computer game",
booktitle="ACM CHI Notes 2004",
year="2004"
}

@inproceedings{vonAhn2006,
author="von Ahn, L. and Ginosar, S. and Kedia, M. and Liu, R. and Blum, M.",
title="Improving accessibility of the {Web} with a computer game",
booktitle="ACM CHI Notes 2006",
year="2006"
}


@inproceedings{galechurch91,
author="Gale, W. and Church, K.W.",
title="{A Program for Aligning Sentences in Bilingual Corpora}",
booktitle="Proceedings of ACL-1991",
year="1991"
}

@inproceedings{fung95,
author="Fung, P.",
title="{A pattern matching method for finding noun and proper noun translations from noisy parallel corpora}",
booktitle="Proceedings of ACL-1995",
year="1995"
}

@article{ kishida2004,
    author = "Kishida, K. and Chen, K. and Lee, S. and Chen, H.H. and Kando, N.
	and Kuriyama, K. and Myaeng, S.H. and Eguchi, K.",
    title = "Cross-language information retrieval {(CLIR)} task at the
	{NTCIR} Workshop 3",
    journal = "ACM SIGIR Forum",
    volume = "38",
    number = "1",
    pages = "17--20",
    year = "2004"
}



@article{ kishida2005,
    author = "Kishida, K.",
    title = "Technical issues of cross-language information retrieval: a review",
    journal = "Information Processing and Management",
    volume = "41",
    pages = "433--455",
    year = "2005"
}


@article{ buckley00,
    author = "Chris Buckley and Mandar Mitra and Janet A. Walz and Claire Cardie",
    title = "Using clustering and SuperConcepts within {SMART}: {TREC} 6",
    journal = "Information Processing and Management",
    volume = "36",
    number = "1",
    pages = "109--131",
    year = "2000"
}

@inproceedings{franz01,
author="M. Franz and S. McCarly and W. Zhu",
title="{English-Chinese information retrieval at IBM}",
booktitle="Proceedings of TREC 2001",
year="2001"
}

@inproceedings{ ballesteros98,
    author = "Lisa Ballesteros and W. Bruce Croft",
    title = "Resolving Ambiguity for Cross-Language Retrieval",
    booktitle = "Proceedings of ACM SIGIR 1998",
    pages = "64--71",
    year = "1998"
}

@inproceedings{ davis96,
    author = "Davis, M. and Dunning, T.",
    title = "A {TREC} evaluation of query translation methods
	for multi-lingual text retrieval",
    booktitle = "Proceedings of TREC-4",
    year = "1996"
}

@inproceedings{ xu01,
    author = "Jinxi Xu and Alexander Fraser and Ralph M. Weischedel",
    title = "{TREC} 2001 Cross-lingual Retrieval at {BBN}",
    booktitle = "Proceedings of TREC 2001",
    year = "2001"
}

@inproceedings{ oard97,
  author = "D. Oard",
  title = "Cross-language text retrieval research in the {USA}",
  booktitle = "Proceedings of 3rd DELOS Workshop",
  year = "1997"
}


@inproceedings{ westerveld00,
  author = "T. Westerveld",
  title = "Image retrieval: Content versus context",
  booktitle = 	 {Content-Based Multimedia Information Access, 
		RIAO-2000},
  year =	 2000
}

@inproceedings{ hull96,
    author = "Hull, D.A. and Grefenstette, G.",
    title = "Querying across languages: a dictionary-based
	approach to multilingual information retrieval",
    booktitle = "Proceedings of ACM SIGIR 1996",
    pages = "49--57",
    year = "1996"
}


@inproceedings{ trec4,
    author = "Harman, D.",
    title = "{Overview of the Fourth Text REtrieval Conference
	(TREC-4)}",
    booktitle = "Proceedings of TREC-4",
    year = "1996"
}


@article{ yang98translingual,
    author = "Yiming Yang and Jaime G. Carbonell and Ralf D. Brown and Robert E. Frederking",
    title = "Translingual Information Retrieval: Learning from Bilingual Corpora",
    journal = "Artificial Intelligence",
    volume = "103",
    number = "1-2",
    pages = "323-345",
    year = "1998"
}

@article{rabinerhmm,
        author = {Rabiner, L. R. },
        journal = {Proceedings of the IEEE},
        number = {2},
        pages = {257--286},
        title = {A tutorial on {Hidden Markov Models} and selected applications in speech recognition},
        volume = {77},
        year = {1989}
}

@inproceedings{ravichandran05noun-clustering,
  author    = {D. Ravichandran and
               P. Pantel and
               E. H. Hovy},
  title     = {Randomized {A}lgorithms and {NLP}: {U}sing {L}ocality {S}ensitive
               {H}ash {F}unctions for {H}igh {S}peed {N}oun {C}lustering.},
  booktitle = {Procs. of ACL 2005},
  year      = {2005},
  ee        = {http://acl.ldc.upenn.edu/P/P05/P05-1077.pdf},
  bibsource = {DBLP, http://dblp.uni-trier.de}
}

@inproceedings{ robertson92okapi,
    author = {S. E. Robertson and 
              S. Walker and 
              M. Hancock-Beaulieu and 
              A. Gull and 
              M. Lau},
    title = "Okapi at {TREC-3}",
    booktitle = "Text {REtrieval} Conference",
    pages = "21-30",
    year = "1992",
    url = "citeseer.ist.psu.edu/robertson96okapi.html" 
}

@inproceedings{ agichtein06,
        author = {E. Agichtein},
        title = "Confidence Estimation Methods for Partially Supervised Relation Extraction",
        booktitlefull = "SIAM Conference on Data Mining (SDM)",
        booktitle = "SDM 2006",
        year = "2006"
}

@PhdThesis{agichteinthesis,
    author = {E. Agichtein},
    title = {Extracting Relations From Large Text Collections},
    school = {Department of Computer Science, Columbia University},
    year = 2005
}

@article{domingos06MLN-mlj,
 author = {M. Richardson and P. Domingos},
 title = {{M}arkov {L}ogic {N}etworks},
 journal = {Machine Learning},
 volume = {62},
 number = {1-2},
 year = {2006},
 issn = {0885-6125},
 pages = {107--136},
 doi = {http://dx.doi.org/10.1007/s10994-006-5833-1},
 publisher = {Kluwer Academic Publishers},
 address = {Hingham, MA, USA},
 }

@inproceedings{pasca-acl2006,
 author = "M. Pa\c{s}ca and D. Lin and J. Bigham and A. Lifchits and A. Jain",
 year = "2006",
 title = "Names and Similarities on the Web: Fact Extraction in the Fast Lane",
 booktitle = "Procs. of ACL/COLING 2006"
}

@techreport{ stefqualsdoc,
    author = "S. Schoenmackers",
    title = "Exploring the Relationship of Information Retrieval and Information Extraction",
    number = " UW-CSE-07-01-01",
    year = "2007",
    institution = "University of Washington, CSE",
    url = "ftp://ftp.cs.washington.edu/tr/2007/01/UW-CSE-07-01-01.pdf"
}

@inproceedings{ stef_emnlp08,
        author = {S. Schoenmackers and O. Etzioni and D. S. Weld},
        title = "Scaling Textual Inference to the {Web}",
        booktitle = "EMNLP 2008",
        year = "2008"
}


@inproceedings(soderland-ijcai95,
  author= 	"Soderland, S. and Fisher, D. and Aseltine, J. and Lehnert, W.",
  title= 	"{CRYSTAL}: Inducing a Conceptual Dictionary",
  booktitle= {Proceedings of the International Joint Conference on Artificial Intelligence (IJCAI '95)},
  year= 	1995,
  pages= 	"1314--21"
)	


@inproceedings{feldman06ismis,
  author    = {R. Feldman and
               B. Rosenfeld and
               S. Soderland and
               O. Etzioni},
  title     = {Self-supervised Relation Extraction from the {W}eb.},
  booktitle = {International Symposium on Methodologies for Intelligent Systems},
  year      = {2006},
  pages     = {755-764},
  ee        = {http://dx.doi.org/10.1007/11875604_84},
  bibsource = {DBLP, http://dblp.uni-trier.de}
}

@inproceedings{rosenfeld-acl07,
  author    = {B. Rosenfeld and
               R. Feldman},
  title     = {Using corpus statistics on entities to improve semi-supervised 
relation extraction from the {W}eb},
  booktitle = {ACL},
  year      = {2007},
  pages     = {600-607}
}


@inproceedings{harris1985,
	author = {Harris, Z.},
	year = 1985,
	title = {Distributional Structure},
	editor = {Katz, J. J.},
	booktitle = {The Philosophy of Linguistics},
	publisher = {New York: Oxford University Press},
	pages = {26-47}
}

@book{ manning99foundations,
    author = "C. D. Manning and H. Sch{\"u}tze",
    title = "Foundations of Statistical Natural Language Processing",
    year = "1999",
    url = "citeseer.ist.psu.edu/635422.html" }

@misc{ balcan05pacstyle,
  author = "M. Balcan and A. Blum",
  title = "A PAC-style model for learning from labeled and unlabeled data",
  text = "M-F. Balcan and A. Blum. A PAC-style model for learning from labeled and
    unlabeled data. In Proceedings of the 18th Annual Conference on Computational
    Learning Theory (COLT), pages 111--126, 2005.",
  year = "2005",
  url = "citeseer.ist.psu.edu/balcan04pacstyle.html" }


@inproceedings{ derbekoem03,
  author = {P. Derbeko and R. El-Yaniv and R. Meir},
  title = {Error Bounds for Transductive Learning via Compression and Clustering},
  booktitle = "Advances in Neural Information Processing Systems (NIPS) 16",
  publisher = "MIT Press",
  address = "Cambridge, MA",
  pages = "1085--1092",
  year = "2003",
  url = {citeseer.ist.psu.edu/derbeko03error.html} }


@inproceedings{ ddowney-acl2007,
  author = {D. Downey and S. Schoenmackers and O. Etzioni},
  title = {Sparse Information Extraction: Unsupervised Language Models to the Rescue},
  booktitle = "Proc. of ACL",
  year = "2007" }


@inproceedings{schwenk2005,
 author = {Holger Schwenk and Jean-Luc Gauvain},
 title = {Training neural network language models on very large corpora},
 booktitle = {HLT '05: Proceedings of the conference on Human Language Technology and Empirical Methods in Natural Language Processing},
 year = {2005},
 pages = {201--208},
 location = {Vancouver, British Columbia, Canada},
 doi = {http://dx.doi.org/10.3115/1220575.1220601},
 publisher = {Association for Computational Linguistics},
 address = {Morristown, NJ, USA},
 }

@inproceedings{klein2003,
 author = {Dan Klein and Joseph Smarr and Huy Nguyen and Christopher D. Manning},
 title = {Named entity recognition with character-level models},
 booktitle = {Proceedings of the seventh conference on Natural language learning at HLT-NAACL 2003},
 year = {2003},
 pages = {180--183},
 location = {Edmonton, Canada},
 doi = {http://dx.doi.org/10.3115/1119176.1119204},
 publisher = {Association for Computational Linguistics},
 address = {Morristown, NJ, USA},
 }

@techreport{ gale94goodturing,
	author = {William Gale},
	title = {Good-Turing Smoothing Without Tears},
 	institution = {AT\&T Bell Laboratories},
  	number = {94.5},
  	type = {Statistics Research Reports from AT\&T Laboratories},
 	year =         {1994},
	url = {citeseer.ist.psu.edu/161518.html} }

@inproceedings{ yarowsky95unsupervised,
    author = "David Yarowsky",
    title = "Unsupervised Word Sense Disambiguation Rivaling Supervised Methods",
    booktitle = "Meeting of the Association for Computational Linguistics",
    pages = "189-196",
    year = "1995",
    url = "citeseer.ist.psu.edu/yarowsky95unsupervised.html" }

@article{Antoniak_MixturesDP,
	author = {Antoniak, Charles  E. },
	citeulike-article-id = {1621592},
	journal = {The Annals of Statistics},
	keywords = {no_parametric, mixtuer_dirichlet_process, bayes},
	number = {6},
	pages = {1152--1174},
	priority = {2},
	title = {Mixtures of Dirichlet Processes with Applications to Bayesian Nonparametric Problems},
	url = {http://links.jstor.org/sici?sici=0090-5364%28197411%292%3A6%3C1152%3AMODPWA%3E2.0.CO%3B2-6},
	volume = {2},
	year = {1974}
}

@inproceedings{ blum98combining,
    author = "Avrim Blum and Tom Mitchell",
    title = "Combining Labeled and Unlabeled Data with Co-training",
    booktitle = "{COLT}: Proceedings of the Workshop on Computational Learning Theory, Morgan Kaufmann Publishers",
    pages = "92-100",
    year = "1998",
    url = "citeseer.ist.psu.edu/blum98combining.html" }

@inproceedings{Peng+Schuurmans:ECIR03,
  author = {Fuchun Peng and Dale Schuurmans},
  title = {Combining Naive Bayes and n-Gram Language Models for Text
    Classification},
  booktitle = {Proceedings of ECIR 2003},
  year = 2003,
}

@inproceedings{DBLP:conf/naacl/ChenJTN06,
  author    = {Jinxiu Chen and
               Dong-Hong Ji and
               Chew Lim Tan and
               Zheng-Yu Niu},
  title     = {Semi-supervised Relation Extraction with Label Propagation},
  booktitle = {HLT-NAACL},
  year      = {2006},
  ee        = {http://acl.ldc.upenn.edu/N/N06/N06-2007.pdf},
  bibsource = {DBLP, http://dblp.uni-trier.de}
}

@Book{Mitchell:1997:ML,
author = "Tom M. Mitchell",
title = "Machine Learning",
publisher = "McGraw-Hill",
address = "New York",
keywords = "machine learning",
year = "1997",

}

@Book{ChaSchZie06,
  editor =	 {O. Chapelle and B. Sch{\"o}lkopf and A. Zien},
  title = 	 {Semi-Supervised Learning},
  publisher = 	 {MIT Press},
  year = 	 2006,
  url =          {http://www.kyb.tuebingen.mpg.de/ssl-book},
  address =	 {Cambridge, MA}
}

@inproceedings{ lewis94comparison,
    author = "David D. Lewis and Marc Ringuette",
    title = "A comparison of two learning algorithms for text categorization",
    booktitle = "Proceedings of {SDAIR}-94, 3rd Annual Symposium on Document Analysis and Information Retrieval",
    address = "Las Vegas, US",
    pages = "81--93",
    year = "1994",
    url = "citeseer.ist.psu.edu/lewis94comparison.html" }

@Article{ crestani98is,
  author = "F. Crestani and M. Lalmas and C. Rijsbergen and I. Campbell",
  title = "Is this document relevant?...Probably: A survey of probabilistic models
    in information retrieval",
  text = "F. Crestani, M. Lalmas, C. J. V. Rijsbergen, and I. Campbell, Is this document
    relevant?...Probably: A survey of probabilistic models in information retrieval,
    ACM Computing Surveys, vol. 30, no. 4, pp. 528--552, Dec. 1998.",
  journal = {ACM Computing Surveys},
  volume = 30,
  number = 4,
  year = "1998",
  url = "citeseer.ist.psu.edu/crestani01is.html" }

@book{Bellman:1961,
  domains = {High-dimensional data analysis:Curse of dimensionality},
  author = {R. Bellman},
  title = {Adaptive Control Processes: A Guided Tour},
  publisher = {Princeton University Press},
  annote = {Bellman is the first one to coin the terms 'Curse of
            dimensionality'. He used those terms to illustrate the fact that to
            optimize a boolean function of d arguments, no less than 2^d cases
            have to be described. Citing :"In view of all that we have said in
            the forgoing sections, the many obstacles we appear to have
            surmounted, what casts the pall over our victory celebration ? It is
            the curse of dimensionality a malediction that has plagued the
            scientist from the earliest days."},
  year = {1961},
}

@inproceedings{BeyerNN1999,
 author = {Kevin S. Beyer and Jonathan Goldstein and Raghu Ramakrishnan and Uri Shaft},
 title = {When Is ''Nearest Neighbor'' Meaningful?},
 booktitle = {ICDT '99: Proceedings of the 7th International Conference on Database Theory},
 year = {1999},
 isbn = {3-540-65452-6},
 pages = {217--235},
 publisher = {Springer-Verlag},
 address = {London, UK},
 }

@inproceedings{gliozzo2005,
 author = {Alfio Gliozzo and Carlo Strapparava and Ido Dagan},
 title = {Investigating unsupervised learning for text categorization bootstrapping},
 booktitle = {HLT '05: Proceedings of the conference on Human Language Technology and Empirical Methods in Natural Language Processing},
 year = {2005},
 pages = {129--136},
 location = {Vancouver, British Columbia, Canada},
 doi = {http://dx.doi.org/10.3115/1220575.1220592},
 publisher = {Association for Computational Linguistics},
 address = {Morristown, NJ, USA},
 }

@inproceedings{drucksigir2008,
author = {Gregory Druck and Gideon Mann and Andrew McCallum},
title = {Learning from Labeled Features using Generalized Expectation Criteria},
year = {2008},
booktitle = {Proceedings of the 31st annual international ACM SIGIR conference on Research and development in information retrieval},
type = {IR},
}

@article{wu2007asw,
  title={{Autonomously semantifying wikipedia}},
  author={Wu, F. and Weld, D.S.},
  journal={Proceedings of the sixteenth ACM conference on Conference on information and knowledge management},
  pages={41--50},
  year={2007},
  publisher={ACM New York, NY, USA}
}

@inproceedings{raina-aaai05,
  author = "Rajat Raina and Andrew Y. Ng and Christopher D. Manning",
  title = "Robust textual inference via learning and abductive reasoning",
  booktitle = "Proceedings of AAAI 2005",
  publisher = "AAAI Press",
  year = "2005",
}

@article{moldovan-2003clp,
  title={{COGEX: a logic prover for question answering}},
  author={Moldovan, D. and Clark, C. and Harabagiu, S.},
  journal={Proceedings of the 2003 Conference of the North American Chapter of the Association for Computational Linguistics on Human Language Technology-Volume 1},
  pages={87--93},
  year={2003},
  publisher={Association for Computational Linguistics Morristown, NJ, USA}
}

@inproceedings{tatumoldovan-2006acl,
 author = {Marta Tatu and Dan Moldovan},
 title = {A logic-based semantic approach to recognizing textual entailment},
 booktitle = {Proceedings of the COLING/ACL on Main conference poster sessions},
 year = {2006},
 pages = {819--826},
 location = {Sydney, Australia},
 publisher = {Association for Computational Linguistics},
 address = {Morristown, NJ, USA},
 }

@inproceedings{maccartney-2007nlt,
  title={{Natural Logic for Textual Inference}},
  author={B. MacCartney and C.D. Manning},
  booktitle={Workshop on Textual Entailment and Paraphrasing},
  journal={ACL 2007},
  year = {2007}
}

@article{ngo-1997aqc,
  title={{Answering queries from context-sensitive probabilistic knowledge bases}},
  author={Ngo, L. and Haddawy, P.},
  journal={Theoretical Computer Science},
  volume={171},
  number={1-2},
  pages={147--177},
  year={1997},
  publisher={Elsevier}
}

@article{wellman1992,
  author =       {M.P. Wellman and J.S. Breese and R.P. Goldman},
  title =        {From Knowledge Bases to Decision Models},
  journal =      {The Knowledge Engineering Review},
  year =         1992,
  pages =        {35-53},
  volume =       {7},
  number =       {1}
}

@article{dagan-2005rte,
  title={{The PASCAL Recognising Textual Entailment Challenge}},
  author={Dagan, I. and Glickman, O. and Magnini, B.},
  journal={Proceedings of the PASCAL Challenges Workshop on Recognising Textual Entailment},
  pages={1--8},
  year={2005},
  publisher={Springer}
}

@conference{glickman2005web,
  title={{Web based probabilistic textual entailment}},
  author={Glickman, O. and Dagan, I. and Koppel, M.},
  booktitle={Proceedings of the 1st Pascal Challenge Workshop},
  pages={33--36},
  year={2005},
  organization={Citeseer}
}


@inproceedings{braz-aaai05,
 title = {An Inference Model for Semantic Entailment in Natural Language},
 author = {R. Braz and R. Girju and V. Punyakanok and D. Roth and M. Sammons},
 booktitle = {Proceedings of the National Conference on Artificial Intelligence (AAAI)},
 year = {2005},
 comment = {Textual Entailment; Mapping sentences to a description logic based representation,
 Pascal Entailment Task},
 funding = {ARDA, ITR-BI, TRECC, CLUSTER, XPRESSMP},
 projects = {KINDLE},
 pages = {1678--1679},
 }

@article{braz-lncs2006,
 title = {An Inference Model for Semantic Entailment in Natural Language},
 author = {R. de Salvo Braz and R. Girju and V. Punyakanok and D. Roth and M. Sammons},
 editor = {J. Qui{~n}onero Candela and I. Dagan and B. Magnini and F. d'Alch{'e}-Buc},
 booktitle = {Machine Learning Challenges,
 Evaluating Predictive Uncertainty,
 Visual Object Classification and Recognizing Textual Entailment,
 First PASCAL Machine Learning Challenges Workshop,
 Revised Selected Papers},
 publisher = {Springer},
 series = {Lecture Notes in Computer Science},
 volume = {3944},
 year = {2006},
 comment = {Revised version of PASCAL RTE Challenge.},
 url = "http://l2r.cs.uiuc.edu/~danr/Papers/BGPRS06.pdf",
 funding = {ARDA,
ITR-BI,
TRECC,
CLUSTER,
XPRESSMP},
 projects = {KINDLE},
 pages = {261--286},
 }

@article{kwok-2001www,
  title={{Scaling question answering to the Web}},
  author={Kwok, C.C.T. and Etzioni, O. and Weld, D.S.},
  journal={Proceedings of the 10th international conference on World Wide Web},
  pages={150--161},
  year={2001},
  publisher={ACM Press New York, NY, USA}
}

@inproceedings(caraballo-acl99,
  author=	"Caraballo, S.",
  title=	"Automatic construction of a hypernym-labeled noun hierarchy from text",
  booktitle= "Procs. of the 37th Annual Meeting of the Association for Computational Linguistics",
  pages= 	" 120--126",
  year=	1999
)

@inproceedings(roark-acl98,
  author=	"Roark, B. and Charniak, E.",
  title=	"Noun-phrase co-occurence statistics for semi-automatic semantic lexicon construction",
  booktitle= "Procs. of COLING-ACL 1998",
  pages= 	" 1110--1116",
  year=	1998
)

@inproceedings(hearst-acl92,
  author=	"Hearst, M.",
  title=	"{A}utomatic {A}cquisition of {H}yponyms from {L}arge {T}ext {C}orpora",
  booktitle= "Procs. of the 14th International Conference on 
		Computational Linguistics",
  pages= 	" 539--545",
  address = "Nantes, France", 
  year=	1992
)

@inproceedings{ brill02analysis,
 author = {Eric Brill and Susan Dumais and Michele Banko},
 title = {An analysis of the {AskMSR} question-answering system},
 booktitle = {EMNLP '02: Proceedings of the ACL-02 conference on Empirical methods in natural language processing},
 year = {2002},
 pages = {257--264},
 doi = {http://dx.doi.org/10.3115/1118693.1118726},
 publisher = {Association for Computational Linguistics},
 address = {Morristown, NJ, USA},
}

@inproceedings{pasca-2007cikm,
 author = {Marius Pa\c{s}ca},
 title = {Lightweight web-based fact repositories for textual question answering},
 booktitle = {CIKM '07: Proceedings of the sixteenth ACM conference on Conference on information and knowledge management},
 year = {2007},
 isbn = {978-1-59593-803-9},
 pages = {87--96},
 location = {Lisbon, Portugal},
 doi = {http://doi.acm.org/10.1145/1321440.1321455},
 publisher = {ACM},
 address = {New York, NY, USA},
 }

@inproceedings{singla-aaai06,
  author    = {Parag Singla and Pedro Domingos},
  title     = {Memory-Efficient Inference in Relational Domains},
  booktitle = {AAAI},
  year      = {2006},
  crossref  = {DBLP:conf/aaai/2006},
  bibsource = {DBLP, http://dblp.uni-trier.de}
}

@article{taskar-2002uai,
  title={{Discriminative probabilistic models for relational data}},
  author={Taskar, B. and Abbeel, P. and Koller, D.},
  journal={Eighteenth Conference on Uncertainty in Artificial Intelligence (UAI02)},
  address = {Edmonton, Canada},
  year={2002}
}

@book{pearl-1988loopyBP,
  title={{Probabilistic reasoning in intelligent systems: networks of plausible inference}},
  author={Pearl, Judea},
  journal={Morgan-Kaufmann Series In Representation And Reasoning},
  pages={552},
  year={1988},
  publisher={Morgan Kaufmann Publishers Inc. San Francisco, CA, USA}
}

@article{richardson2003blk,
  title={{Building large knowledge bases by mass collaboration}},
  author={Richardson, M. and Domingos, P.},
  journal={Proceedings of the 2nd international conference on Knowledge capture},
  pages={129--137},
  year={2003},
  publisher={ACM Press New York, NY, USA}
}

@article{popescul2003slr,
  title={{Structural Logistic Regression for Link Analysis}},
  author={Popescul, A. and Ungar, L.H.},
  journal={Workshop on Multi-Relational Data Mining (MRDM-2003)}
}

@inproceedings{marneffe-acl08,
	author = {de Marneffe, Marie-Catherine  and Rafferty, Anna  
		and Manning, Christopher D.},
	booktitle = {ACL 2008},
	title = {Finding contradictions in text},
	year = {2008}
}

@inproceedings{Condoravdi-wtm03,
 author = {Cleo Condoravdi and Dick Crouch and Valeria de Paiva and Reinhard Stolle and Daniel G. Bobrow},
 title = {Entailment, intensionality and text understanding},
 booktitle = {Proceedings of the HLT-NAACL 2003 workshop on Text meaning},
 year = {2003},
 pages = {38--45},
 doi = {http://dx.doi.org/10.3115/1119239.1119245},
 publisher = {Association for Computational Linguistics},
 address = {Morristown, NJ, USA},
 }

@inproceedings{harabagiu06,
	author = {Harabagiu, Sanda   and Hickl, Andrew   and Lacatusu, Finley  },
	booktitle = {AAAI},
	citeulike-article-id = {2646307},
	keywords = {contradiction, contrast, negation, text\_mining},
	posted-at = {2008-04-09 16:49:24},
	priority = {0},
	title = {Negation, Contrast and Contradiction in Text Processing},
	year = {2006}
}

@misc{census,
        author = {{U.S. Census Buerau}},
	title = {http://www.census.gov/genealogy/www/freqnames.html},
	year = {1990}
}

@article{ huhtala99tane,
    author = "Yk{\"a} Huhtala and Juha K{\"a}rkk{\"a}inen and Pasi Porkka and Hannu Toivonen",
    title = "{TANE}: An Efficient Algorithm for Discovering Functional and Approximate Dependencies",
    journal = "The Computer Journal",
    volume = "42",
    number = "2",
    pages = "100--111",
    year = "1999",
    url = "citeseer.ist.psu.edu/huhtala99tane.html" }

@article{yao08fd,
 author = {Hong Yao and Howard J. Hamilton},
 title = {Mining functional dependencies from data},
 journal = {Data Min. Knowl. Discov.},
 volume = {16},
 number = {2},
 year = {2008},
 issn = {1384-5810},
 pages = {197--219},
 doi = {http://dx.doi.org/10.1007/s10618-007-0083-9},
 publisher = {Kluwer Academic Publishers},
 address = {Hingham, MA, USA},
 }

@InProceedings{voorhees2008acl,
  author    = {Voorhees, Ellen M.},
  title     = {Contradictions and Justifications: Extensions to the Textual Entailment Task},
  booktitle = {Proceedings of ACL-08: HLT},
  month     = {June},
  year      = {2008},
  address   = {Columbus, Ohio},
  publisher = {Association for Computational Linguistics},
  pages     = {63--71},
  url       = {http://www.aclweb.org/anthology/P/P08/P08-1008}
}

@inproceedings{arpinar2006con,
  author    = {I. Budak Arpinar, Karthikeyan Giriloganathan, Boanerges Aleman-Meza},
  title     = {Ontology Quality by Detection of Conflicts in Metadata},
  booktitle = {EON2006 Evaluation of Ontologies for the Web},
  year      = {2006},
}

@article{woods1977lrn,
  title={{Lunar rocks in natural English: Explorations in natural language question answering}},
  author={Woods, W.A.},
  journal={Linguistic Structures Processing},
  volume={5},
  pages={521--569},
  year={1977}
}

@article{grosz1983ttn,
  title={{TEAM: a transportable natural-language interface system}},
  author={Grosz, B.J.},
  journal={Proceedings of the first conference on Applied natural language processing},
  pages={39--45},
  year={1983},
  publisher={Association for Computational Linguistics Morristown, NJ, USA}
}

@article{dempsterEM,
  title={Maximum Likelihood from Incomplete Data via the {EM} Algorithm},
  author={Dempster, A.P. and Laird, N.M. and Rubin, D.B.},
  journal={Journal of the Royal Statistical Society Series B},
  pages={1--38},
  year={1977},
  volume={39},
  number={1}
}

@inproceedings{pasca06organizing,
	title = {Organizing and Searching the World Wide Web of Facts - Step One: The One-Million Fact Extraction Challenge.},
	author = {Marius Pasca and Dekang Lin and Jeffrey Bigham and Andrei Lifchits and Alpa Jain},
	booktitle = {AAAI 2006},
	crossref = {conf/aaai/2006},
	publisher = {AAAI Press},
	url = {http://dblp.uni-trier.de/db/conf/aaai/aaai2006.html#PascaLBLJ06},
	year = {2006},
	biburl = {http://www.bibsonomy.org/bibtex/24099e7512dc98ec901808385b5e54e5c/seb},
	description = {dblp},
	date = {2006-07-13},
	keywords = {nlp prontoLiterature }
}

@PhdThesis{downeyThesis-2008,
  author =       {Downey, D.},
  title =        {Redundancy in {Web-scale} Information Extraction: Probabilistic Model and Experimental Results},
  school =       {University of Washington},
  year =         {2008},
}

@inproceedings{mcnamee2008ijcnlp,
  author    = {Paul McNamee and Rion Snow and Patrick Schone and James Mayfield},
  title     = {Learning Named Entity Hyponyms for Question Answering},
  booktitle = {To appear in Proceedings of IJCNLP 2008},
  year      = {2008},
}

@inproceedings{conf/aaai/ChangRRS08, 
title = {Importance of Semantic Representation: Dataless Classification.},
author = {Ming-Wei Chang and Lev-Arie Ratinov and Dan Roth and Vivek Srikumar},
booktitle = {AAAI},
editor = {Dieter Fox and Carla P. Gomes},
pages = {830-835},
publisher = {AAAI Press},
url = {http://dblp.uni-trier.de/db/conf/aaai/aaai2008.html#ChangRRS08},
year = {2008},
description = {dblp},
isbn = {978-1-57735-368-3}, date = {2008-08-15},
keywords = {dblp } 
} 

@INPROCEEDINGS{Platt99probabilisticoutputs,
    author = {John C. Platt},
    title = {Probabilistic outputs for support vector machines and comparisons to regularized likelihood methods},
    booktitle = {Advances in Large Margin Classifiers},
    year = {1999},
    pages = {61--74},
    publisher = {MIT Press}
}

@inproceedings{lin-emnlp12,
  author    = {Thomas Lin and
               Mausam and
               Oren Etzioni},
  title     = {No Noun Phrase Left Behind: Detecting and Typing Unlinkable
               Entities},
  booktitle = {EMNLP-CoNLL},
  year      = {2012},
  pages     = {893-903}
}

@inproceedings{ratinov-acl11,
  author    = {Lev-Arie Ratinov and
               Dan Roth and
               Doug Downey and
               Mike Anderson},
  title     = {Local and Global Algorithms for Disambiguation to Wikipedia},
  booktitle = {ACL},
  year      = {2011},
  pages     = {1375-1384}
}

@InProceedings{cucerzan-emnlp07,
  author =       {S. Cucerzan},
  title =        {Large-Scale Named Entity Disambiguation Based on {Wikipedia} Data},
  booktitle =    {Proceedings of EMNLP-CoNLL 2007},
  pages =        {708--716},
  year =         2007,
  url =          http://www.aclweb.org/anthology/D/D07/D07-1074
}

@inproceedings{bunescu-eacl06,
    title = {Using Encyclopedic Knowledge for Named entity Disambiguation},
    author = {Razvan C. Bunescu and Marius Pasca},
    booktitle = {EACL},
    publisher = {The Association for Computer Linguistics},
    url = {http://acl.ldc.upenn.edu/E/E06/E06-1002.pdf},
    year = {2006}
}

@InCollection{putnam-75,
  author         = {Hilary Putnam},
  title          = {The Meaning of `Meaning'},
  booktitle      = {Language, Mind, and Knowledge},
  publisher      = {University of Minnesota Press},
  editor         = {K. Gunderson},
  bibauthor      = {yschoe},
  year           = 1975,
  bibdate        = {Wed Jan 2 19:06:22 CST 2002},
}

@inproceedings{singla-ijcai05,
  author    = {Parag Singla and
               Pedro Domingos},
  title     = {Collective Object Identification},
  booktitle = {IJCAI-2005},
  year      = {2005},
  pages     = {1636-1637} 
}

@article{yates-jair09,
  title={{Unsupervised methods for determining object and relation synonyms on the Web}},
  author={Yates, A. and Etzioni, O.},
  journal={Journal of Artificial Intelligence Research},
  volume={34},
  number={1},
  pages={255--296},
  year={2009},
  publisher={AI Access Foundation}
}



@inproceedings{Xin-04,
    author = {Li, Xin   and Morie, Paul   and Roth, Dan  },
    booktitle = {HLT-NAACL},
    citeulike-article-id = {1333195},
    keywords = {coreference, ner},
    pages = {17--24},
    posted-at = {2009-01-24 17:18:10},
    priority = {3},
    title = {Robust Reading: Identification and Tracing of Ambiguous Names},
    url = {http://acl.ldc.upenn.edu/hlt-naacl2004/main/pdf/139\_Paper.pdf},
    year = {2004}
}

@article{Fellegi-69,
    author = {Fellegi, Ivan  P.  and Sunter, Alan  B. },
    citeulike-article-id = {590229},
    journal = {Journal of the American Statistical Association},
    keywords = {record\_linkage},
    number = {328},
    pages = {1183--1210},
    posted-at = {2006-04-18 08:45:58},
    priority = {2},
    title = {A Theory for Record Linkage},
    url = {http://www.jstor.org/stable/2286061},
    volume = {64},
    year = {1969}
}

@InCollection{Bhattacharya-06,
  author       = "Bhattacharya, Indrajit and Getoor, Lise",
  title        = "Entity Resolutions in Graphs",
  booktitle    = "Mining Graph Data",
  year         = "2006",
  editor       = "D. Cook and L. Holder",
  publisher    = "Wiley",
}
@InProceedings{Bhattacharya-06a,  
  author       = "Bhattacharya, Indrajit and Getoor, Lise",
  title        = "A Latent Dirichlet Model for Unsupervised Entity Resolution",
  booktitle    = "SIAM Conference on Data Mining (SDM)",
  month        = "April",
  year         = "2006",
  note         = "Winner of the Best Paper Award.",
}

@article{morik1993bcm,
  title={{Balanced cooperative modeling}},
  author={Morik, K.},
  journal={Machine Learning},
  volume={11},
  number={2},
  pages={217--235},
  year={1993},
  publisher={Springer}
}

@conference{mccreath1995emk,
  title={{Extraction of meta-knowledge to restrict the hypothesis space for ilp systems}},
  author={Mccreath, E. and Sharma, A.},
  booktitle={Proceedings of the Eighth Australian Joint Conference on Artificial Intelligence},
  pages={75--82},
  year={1995},
  organization={World Scientific}
}

@conference{szpektor2004swb,
  title={{Scaling web-based acquisition of entailment relations}},
  author={Szpektor, I. and Tanev, H. and Dagan, I. and Coppola, B.},
  booktitle={Proceedings of EMNLP},
  volume={4},
  year={2004}
}

@conference{pantel2007ili,
  title={{ISP: Learning inferential selectional preferences}},
  author={Pantel, P. and Bhagat, R. and Coppola, B. and Chklovski, T. and Hovy, E.},
  booktitle={Proceedings of NAACL HLT},
  volume={7},
  pages={564--571},
  year={2007}
}

@conference{roberto2007lsp,
  title={{Learning selectional preferences for entailment or paraphrasing rules}},
  author={Roberto, B. and De Cao, D. and Marocco, P. and Pennacchiotti, M.},
  booktitle={Proceedings of RANLP},
  year={2007}
}

@article{pennacchiotti2007learning,
  title={{Learning Shallow Semantic Rules for Textual Entailment}},
  author={Pennacchiotti, M. and Zanzotto, F.M.},
  journal={Proceedings of RANLP 2007},
  year={2007}
}

@conference{bhagat2007lua,
  title={{Ledir: An unsupervised algorithm for learning directionality of inference rules}},
  author={Bhagat, R. and Pantel, P. and Hovy, E.},
  booktitle={Proceedings of EMNLP},
  year={2007}
}

@article{friedland2004pht,
  author    = {Noah S. Friedland and
               Paul G. Allen and
               Gavin Matthews and
               Michael J. Witbrock and
               David Baxter and
               Jon Curtis and
               Blake Shepard and
               Pierluigi Miraglia and
               J{\"u}rgen Angele and
               Steffen Staab and
               Eddie M{\"o}nch and
               Henrik Oppermann and
               Dirk Wenke and
               David J. Israel and
               Vinay K. Chaudhri and
               Bruce W. Porter and
               Ken Barker and
               James Fan and
               Shaw Yi Chaw and
               Peter Z. Yeh and
               Dan Tecuci and
               Peter Clark},
  title     = {Project Halo: Towards a Digital Aristotle},
  journal   = {AI Magazine},
  volume    = {25},
  number    = {4},
  year      = {2004},
  pages     = {29-48},
  bibsource = {DBLP, http://dblp.uni-trier.de}
}

@conference{barker2007lrp,
  title={{Learning by reading: A prototype system, performance baseline and lessons learned}},
  author = {Ken Barker and Ra Agashe and Shaw-yi Chaw and James Fan and Noah Friedl and Michael Glass and Jerry Hobbs and Eduard Hovy and David Israel and Doo Soon Kim and Rutu Mulkar-mehta and Sourabh Patwardhan and Bruce Porter and Dan Tecuci and Peter Yeh},
  booktitle = {In Proceedings of TwentySecond National Conference on Artificial Intelligence},
  volume={22},
  year={2007},
  organization={Menlo Park, CA; Cambridge, MA; London; AAAI Press; MIT Press; 1999}
}

@article{singh2002omc,
  title={{Open Mind Common Sense: Knowledge acquisition from the general public}},
  author={Singh, P. and Lin, T. and Mueller, E.T. and Lim, G. and Perkins, T. and Li Zhu, W.},
  journal={Lecture Notes in Computer Science},
  pages={1223--1237},
  year={2002},
  publisher={Springer}
}

@conference{snow2008caf,
  title={{Cheap and Fast-But is it Good? Evaluating Non-Expert Annotations for Natural Language Tasks}},
  author={Snow, R. and O'Connor, B. and Jurafsky, D. and Ng, A.Y.},
  booktitle={Proceedings of the Conference on Empirical Methods in Natural Language Processing (EMNLP 2008)},
  year={2008}
}

@article{alonso2008,
 author = {Alonso, Omar and Rose, Daniel E. and Stewart, Benjamin},
 title = {Crowdsourcing for relevance evaluation},
 journal = {SIGIR Forum},
 volume = {42},
 number = {2},
 year = {2008},
 issn = {0163-5840},
 pages = {9--15},
 doi = {http://doi.acm.org/10.1145/1480506.1480508},
 publisher = {ACM},
 address = {New York, NY, USA},
 }

@inproceedings{kok-icml09,
  author = {Kok, Stanley and Domingos, Pedro},
  year = {2009},
  title = {Learning Markov Logic Network Structure via Hypergraph Lifting},
  booktitle = {Procs. of ICML 2009}
}

@article{nakov-2008,
	author = {Nakov, Preslav},
	title = {Paraphrasing Verbs for Noun Compound Interpretation},
	journal = {Proc. of the Workshop on Multiword Expressions, LREC},
	month = {Jan},
	url = {http://www.cs.berkeley.edu/\~{}nakov/selected\_papers\_list/mwe2008.pdf},
	year = {2008}
}

@inproceedings{kaisser-lrec2008,
  author = {Michael Kaisser and John Lowe},
  title = {Creating a Research Collection of Question Answer Sentence Pairs with Amazon's Mechanical Turk},
  booktitle = {Proceedings of the Sixth International Language Resources and Evaluation (LREC'08)},
  year = {2008},
  month = {may},
  date = {28-30},
  address = {Marrakech, Morocco},
  editor = {Nicoletta Calzolari (Conference Chair) and Khalid Choukri and Bente Maegaard and Joseph Mariani and Jan Odjik and Stelios Piperidis and Daniel Tapias},
  publisher = {European Language Resources Association (ELRA)},
  isbn = {2-9517408-4-0},
  note = {http://www.lrec-conf.org/proceedings/lrec2008/},
  language = {english}
  } 

@conference{dakka2008aeu,
  title={{Automatic extraction of useful facet hierarchies from text databases}},
  author={Dakka, W. and Ipeirotis, P.G.},
  booktitle={IEEE 24th International Conference on Data Engineering, 2008. ICDE 2008},
  pages={466--475},
  year={2008}
}

@inproceedings{sheng-kdd2008,
	title = {Get another label? improving data quality and data mining using multiple, noisy labelers},
	author = {Sheng, Victor  S.  and Provost, Foster   and Ipeirotis, Panagiotis  G. },
	booktitle = {KDD '08: Proceeding of the 14th ACM SIGKDD international conference on Knowledge discovery and data mining},
	address = {New York, NY, USA},
	doi = {10.1145/1401890.1401965},
	isbn = {978-1-60558-193-4},
	location = {Las Vegas, Nevada, USA},
	pages = {614--622},
	posted-at = {2009-04-16 02:42:58},
	publisher = {ACM},
	url = {http://dx.doi.org/10.1145/1401890.1401965},
	year = {2008}
}

@inproceedings{chklovski-kcap2005,
    author = {Timothy Chklovski},
    title = {Improving the design of intelligent acquisition interfaces for collecting world knowledge from web contributors},
    booktitle = {Proceedings of K-CAP 2005},
    year = {2005},
    pages = {35--42},
    publisher = {ACM Press}
}

@book{srl:view,
author={Jesse Davis and Elizabeth Burnside and In\^es C. Dutra and David Page and Raghu Ramakrishnan and V\'{\i}tor Santos Costa and Jude Shavlik},
title={Learning a New View of a Database: With an Application to Mammography},
year = 2007,
editors = {Lise Getoor and Ben Taskar},
Booktitle = "An Introduction to Statistical Relational Learning",
publisher = {MIT Press}
}

@conference{lin2002concept,
  title={{Concept discovery from text}},
  author={Lin, D. and Pantel, P.},
  booktitle={Proceedings of the 19th International Conference on Computational linguistics (COLING-02)},
  pages={1--7},
  year={2002}
}

@conference{mccreath1997ilp,
  title={{ILP with noise and fixed example size: a Bayesian approach}},
  author={McCreath, E. and Sharma, A.},
  booktitle={Proceedings of the Fifteenth international joint conference on Artifical intelligence-Volume 2},
  pages={1310--1315},
  year={1997},
  organization={Morgan Kaufmann Publishers Inc.}
}

@article{muggleton1997learning,
  title={{Learning from positive data}},
  author={Muggleton, S.},
  journal={Lecture Notes in Computer Science},
  volume={1314},
  pages={358--376},
  year={1997},
  publisher={Springer}
}

@book{salmon1971statistical,
  title={{Statistical explanation \& statistical relevance}},
  author={Salmon, W.C. and Jeffrey, R.C. and Greeno, J.G.},
  year={1971},
  publisher={Univ of Pittsburgh Pr}
}

@conference{huynh2008discriminative,
  title={{Discriminative structure and parameter learning for Markov logic networks}},
  author={Huynh, T.N. and Mooney, R.J.},
  booktitle={Proceedings of the 25th international conference on Machine learning},
  pages={416--423},
  year={2008},
  organization={ACM}
}


@inproceedings{kok-icml05,
 author = {Kok, Stanley and Domingos, Pedro},
 title = {Learning the structure of Markov logic networks},
 booktitle = {ICML '05: Proceedings of the 22nd international conference on Machine learning},
 year = {2005},
 isbn = {1-59593-180-5},
 pages = {441--448},
 location = {Bonn, Germany},
 doi = {http://doi.acm.org/10.1145/1102351.1102407},
 publisher = {ACM},
 address = {New York, NY, USA},
 }

