@inproceedings{balasubramanian-sigir10a,
  title={Predicting query performance on the web},
  author={Balasubramanian, Niranjan and Kumaran, Giridhar and Carvalho, Vitor R},
  booktitle={Proceedings of the 33rd international ACM SIGIR conference on Research and development in information retrieval},
  pages={785--786},
  year={2010},
  organization={ACM}
}
@inproceedings{balasubramanian-sigir10b,
  title={Exploring reductions for long web queries},
  author={Balasubramanian, Niranjan and Kumaran, Giridhar and Carvalho, Vitor R},
  booktitle={Proceedings of the 33rd international ACM SIGIR conference on Research and development in information retrieval},
  pages={785--786},
  year={2010},
  organization={ACM}
}
@inproceedings{balasubramanian-sigir10c,
  title={Predicting query performance on the web},
  author={Balasubramanian, Niranjan and Kumaran, Giridhar and Carvalho, Vitor R},
  booktitle={Proceedings of the 33rd international ACM SIGIR conference on Research and development in information retrieval},
  pages={785--786},
  year={2010},
  organization={ACM}
}

@inproceedings{balasubramanian-emnlp13,
  title={Generating Coherent Event Schemas at Scale},
  author={Balasubramanian, Niranjan and Soderland, Stephen and Mausam, Oren Etzioni},
  booktitle={Proceedings of the Empirical Methods in Natural Language Processing},
  year={2013},
  organization={ACM}
}

@inproceedings{balasubramanian-akbc12,
  title={Rel-grams: a probabilistic model of relations in text},
  author={Balasubramanian, Niranjan and Soderland, Stephen and Mausam and Etzioni, Oren},
  booktitle={Proceedings of the Joint Workshop on Automatic Knowledge Base Construction and Web-scale Knowledge Extraction},
  pages={101--105},
  year={2012},
  organization={Association for Computational Linguistics}
}

@article{clark-akbc13,
  title={A Study of the AKBC Requirements for Passing an Elementary Science Test},
  author={Clark, Peter and Harrison, Phil and Balasubramanian, Niranjan}
  booktitle={Proceedings of the Joint Workshop on Automatic Knowledge Base Construction and Web-scale Knowledge Extraction},
  year={2013}
}



@book{schank-scripts75,
  title={Scripts, plans, and knowledge},
  author={Schank, Roger C and Abelson, Robert P},
  year={1975},
  publisher={Yale University}
}

@inproceedings{finkel-acl05,
  title={Incorporating non-local information into information extraction systems by gibbs sampling},
  author={Finkel, Jenny Rose and Grenager, Trond and Manning, Christopher},
  booktitle={Proceedings of the 43rd Annual Meeting on Association for Computational Linguistics},
  pages={363--370},
  year={2005},
  organization={Association for Computational Linguistics}
}

@inproceedings{irwin-cnll11,
  title={Narrative schema as world knowledge for coreference resolution},
  author={Irwin, Joseph and Komachi, Mamoru and Matsumoto, Yuji},
  booktitle={Proceedings of the Fifteenth Conference on Computational Natural Language Learning: Shared Task},
  pages={86--92},
  year={2011},
  organization={Association for Computational Linguistics}
}

@misc{owczarzak-tac10,
title={Overview of the TAC 2010 Summarization Track},
booktitle={Proceedings of the Third Text Analysis Conference},
author={K. Owczarzak and H.T. Dang},
year={2010}
}
@inproceedings{poon-naacl13,
  title={Probabilistic Frame Induction},
  author={Cheung, J. and Poon, H. and Vandervende, L.},
  booktitle={Proceedings of NAACL HLT},
  year={2013}
}

@inproceedings{firth-linganal57,
  title={A synopsis of linguistic theory, 1930-1955},
  author={Firth, J.R.},
  booktitle={Studies in Linguistic Analysis },
  year={1957}
}

%Entailment
%DIRT
@inproceedings{lin2001dirt,
  title={DIRT: Discovery of inference rules from text},
  author={Lin, D. and Pantel, P.},
  booktitle={Proceedings of the seventh ACM SIGKDD international conference on Knowledge discovery and data mining},
  pages={323--328},
  year={2001},
  organization={ACM}
}

%VERB OCEAN
@inproceedings{chklovski-emnlp04,
  title={Verbocean: Mining the web for fine-grained semantic verb relations},
  author={Chklovski, T. and Pantel, P.},
  booktitle={Proceedings of EMNLP},
  volume={4},
  pages={33--40},
  year={2004}
}

%RESOLVER
@inproceedings{yates-naacl07,
  title={Unsupervised resolution of objects and relations on the web},
  author={Yates, A. and Etzioni, O.},
  booktitle={Proceedings of NAACL HLT},
  pages={121--130},
  year={2007}
}

@article{wang-lre2013,
  title={Perspectives on crowdsourcing annotations for {Natural Language Processing}},
  author={Wang, A. and Hoang, C.D.V. and Kan, M-Y.},
  journal={Language Resources and Evaluation},
  volume={47},
  pages={9--31},
  year={2013}
}


%CLEAN
@article{berant-cl11,
  title={Learning entailment relations by global graph structure optimization},
  author={Berant, J. and Dagan, I. and Goldberger, J.},
  journal={Computational Linguistics},
  volume={38},
  number={1},
  pages={73--111},
  year={2011},
  publisher={MIT Press}
}

@article{berant-acl12,
  title={Efficient Tree-based Approximation for Entailment Graph Learning},
  author={Berant, J. and Dagan, I. and Adler, M. and Goldberger, J.},
  booktitle={Proceedings of ACL},
  year={2012}
}

@inproceedings{szpektor2008learning,
  title={Learning entailment rules for unary templates},
  author={Szpektor, I. and Dagan, I.},
  booktitle={Proceedings of the 22nd International Conference on Computational Linguistics-Volume 1},
  pages={849--856},
  year={2008},
  organization={Association for Computational Linguistics}
}



%HORN CLAUSES
@inproceedings{schoenmackers2010learning,
  title={Learning first-order horn clauses from web text},
  author={Schoenmackers, S. and Etzioni, O. and Weld, D.S. and Davis, J.},
  booktitle={Proceedings of the 2010 Conference on Empirical Methods in Natural Language Processing},
  pages={1088--1098},
  year={2010},
  organization={Association for Computational Linguistics}
}

% extensions to learning verb inference rules using linguistics and resources such as frame net.

@inproceedings{weismanlearning,
  title={Learning Verb Inference Rules from Linguistically-Motivated Evidence},
  author={Weisman, H. and Berant, J. and Szpektor, I. and Dagan, I.},
  booktitle={Proceeding of EMNLP},
  year={2012}
}

@inproceedings{aharon2010generating,
  title={Generating entailment rules from framenet},
  author={Aharon, R.B. and Szpektor, I. and Dagan, I.},
  booktitle={Proceedings of the ACL 2010 Conference Short Papers},
  pages={241--246},
  year={2010},
  organization={Association for Computational Linguistics}
}




% Temporal knowledge harvesting
@inproceedings{talukdar-cikm12,
  title={Acquiring Temporal Constraints between Relations},
  author={Talukdar, P.P. and Wijaya, D. and Mitchell, T.},
  booktitle={Proceedings of CIKM},
  year={2012}
}

% Yago Temporal scoping of facts.
@inproceedings{wang-cikm11,
  title={Harvesting facts from textual web sources by constrained label propagation},
  author={Wang, Y. and Yang, B. and Qu, L. and Spaniol, M. and Weikum, G.},
  booktitle={Proceedings of the 20th ACM international conference on Information and knowledge management},
  pages={837--846},
  year={2011},
  organization={ACM}
}

@inproceedings{talukdar-wsdm12,
  title={Coupled temporal scoping of relational facts},
  author={Talukdar, P.P. and Wijaya, D. and Mitchell, T.},
  booktitle={Proceedings of the fifth ACM international conference on Web search and data mining},
  pages={73--82},
  year={2012},
  organization={ACM}
}



%
@misc{ngrams, 
  title={{The Google Web1T 5-gram Corpus Version 1.1. LDC2006T13}}, 
  author={Thorsten Brants and Alex Franz},
  year={2006}
}
  
@misc{gigaword, 
  title={{http://www.ldc.upenn.edu/ Catalog/catalogEntry.jsp?catalogId=LDC2011T07}}, 
  author={English Gigaword},
  year={2011}
}


@inproceedings{koehn-acl07,
  title={Moses: open source toolkit for statistical machine translation},
  author={Koehn, P. and Hoang, H. and Birch, A. and Callison-Burch, C. and Federico, M. 
	and Bertoldi, N. and Cowan, B. and Shen, W. and Moran, C. and Zens, R. and Dyer, C.
	and Bojar, O. and Constantin, A. and Herbst, E.},
  booktitle={Proceedings of ACL},
  year={2007}
}


@inproceedings{yu-ontolex07,
  title={{OntoNotes:} sense pool verification using {Google N-gram} and statistical tests},
  author={Yu, L-C. and Wu, C-H. and Philpot, A. and Hovy, E.},
  booktitle={Proceedings of OntoLex Workshop},
  year={2007}
}

@article{brown-compling92,
  title={Class-based n-gram models of natural language},
  author={Brown, P. and deSouza, P. and Mercer, R. and Della Pietra, V. and Lai, J.},
  journal={Computational Linguistics},
  year={1992}
}


@inproceedings{chambers-lrec10,
  title={A Database of Narrative Schemas},
  author={Chambers, N. and Jurafsky, D.},
  booktitle={Proceedings of LREC},
  year={2010}
}


@inproceedings{lin-lrec10,
  title={New tools for {Web-scale N-grams}},
  author={Lin, D. and Church, K. and Ji, H. and Sekine, S. and Yarowsky, D. and Bergsma, S.
	and Patil, K. and Pitler, E. and Lathbury, R. and Rao, V. and Dalwani, K. and Narsale, S.},
  booktitle={Proceedings of LREC},
  year={2010}
}




@inproceedings{wang-hlt10,
  title={An overview of {Microsoft} web {N}-gram corpus and applications},
  author={Wang, K and Thrasher, C. and Viegas, E. and Li, X. and Hsu, B.},
  booktitle={Proceedings of NAACL-HLT},
  year={2010}
}

@inproceedings{bergsma-ijcai09,
  title={Web-scale {N}-gram models for lexical disambiguation},
  author={Bergsma, S. and Lin, D. and Goebel, R.},
  booktitle={Proceedings of IJCAI},
  year={2009}
}


@inproceedings{mamtazi-cikm09,
  title={A word clustering approach for language model-based sentence retrieval 
	in question answering systems },
  author={Momtazi, S. and Klakow, D.},
  booktitle={Proceedings of CIKM},
  year={2009}
}


% chambers templates

@inproceedings{chambers-acl11,
  title={Template-based information extraction without the templates},
  author={Chambers, N. and Jurafsky, D.},
  booktitle={Proceedings of ACL},
  year={2011}
}

@inproceedings{chambers-acl09,
  title={Unsupervised learning of narrative schemas and their participants},
  author={Chambers, N. and Jurafsky, D.},
  booktitle={Proceedings of ACL},
  year={2009}
}

@article{brin&page98,
  author    = {Sergey Brin and
               Lawrence Page},
  title     = {The Anatomy of a Large-Scale Hypertextual Web Search Engine},
  journal   = {Computer Networks},
  volume    = {30},
  number    = {1-7},
  year      = {1998},
  pages     = {107-117}
}

@inproceedings{agirre-eacl09,
  author    = {Eneko Agirre and
               Aitor Soroa},
  title     = {Personalizing PageRank for Word Sense Disambiguation},
  booktitle = {12th Conference of the European Chapter of the
               Association for Computational Linguistics (EACL)},
  year      = {2009},
  pages     = {33-41}
}

@inproceedings{haveliwala-www02,
  author    = {Taher H. Haveliwala},
  title     = {Topic-sensitive PageRank},
  booktitle = {WWW},
  year      = {2002},
  pages     = {517-526}
}




% semantic role labeling
@inproceedings{alisahi-ecs07,
  title={A computational usage-based model for learning general properties of semantic roles},
  author={Alishahi, A. and Stevenson, S.},
  booktitle={Proc. of the EuroCogSci 2007},
  year={2007}
}

@inproceedings{das-naacl10,
  title={Probabilistic frame-semantic parsing},
  author={Das, D. and Schneider, N. and Chen, D. and Smith, N.A.},
  booktitle={Human Language Technologies: The 2010 Annual Conference of the North American Chapter of the Association for Computational Linguistics},
  pages={948--956},
  year={2010},
  organization={Association for Computational Linguistics}
}



% Prop bank
@inproceedings{kingsbury-lrec02,
  title={From treebank to propbank},
  author={Kingsbury, P. and Palmer, M.},
  booktitle={Proceedings of the 3rd International Conference on Language Resources and Evaluation (LREC-2002)},
  pages={1989--1993},
  year={2002},
  organization={Citeseer}
}


% Framenet
@inproceedings{baker-acl98,
  title={The berkeley framenet project},
  author={Baker, C.F. and Fillmore, C.J. and Lowe, J.B.},
  booktitle={Proceedings of the 36th Annual Meeting of the Association for Computational Linguistics and 17th International Conference on Computational Linguistics-Volume 1},
  pages={86--90},
  year={1998},
  organization={Association for Computational Linguistics}
}



% MUC 4 task



%gigaword
@article{graff-ldc03,
  title={English gigaword},
  author={Graff, D. and Kong, J. and Chen, K. and Maeda, K.},
  journal={Linguistic Data Consortium, Philadelphia},
  year={2003}
}

% n-gram construction 

@inproceedings{huston-wsdm11,
  title={Efficient indexing of repeated n-grams},
  author={Huston, S. and Moffat, A. and Croft, W.B.},
  booktitle={Proceedings of the fourth ACM international conference on Web search and data mining},
  pages={127--136},
  year={2011},
  organization={ACM}
}


% Markov clustering

@article{dongen-siam08,
  title={Graph clustering via a discrete uncoupling process},
  author={Van Dongen, S.},
  journal={SIAM Journal on Matrix Analysis and Applications},
  volume={30},
  number={1},
  pages={121--141},
  year={2008},
  publisher={Society for Industrial and Applied Mathematics}
}


% markov network


% chowliu
@article{chow-ieee68,
  title={Approximating discrete probability distributions with dependence trees},
  author={Chow, C. and Liu, C.},
  journal={IEEE Transactions on Information Theory},
  volume={14},
  number={3},
  pages={462--467},
  year={1968},
  publisher={IEEE}
}

@inproceedings{marina-icml99,
title={An Accelerated Chow and Liu Algorithm: Fitting Tree Distributions to High-Dimensional Sparse Data},
author={Meil\u{a}, Marina},
booktitle={Proceedings of the Sixteenth International Conference on Machine Learning}, 
pages={249--257},
year={1999}
}

# Stanford co-reference.
@article{lee-cl13,
  title={Deterministic coreference resolution based on entity-centric, precision-ranked rules},
  author={Lee, Heeyoung and Chang, Angel and Peirsman, Yves and Chambers, Nathanael and Surdeanu, Mihai and Jurafsky, Dan},
  journal={Computational Linguistics},
  number={Just Accepted},
  pages={1--54},
  year={2013},
  publisher={MIT Press}
}

